1935 3151
641 124 750 157 ORIG
758 123 868 156 INAL
903 123 1020 155 DOCU
1027 123 1058 155 M
1069 124 1178 155 EST?
1185 148 1192 156 .

141 233 332 291 judicem
358 251 498 288 suum,
522 241 572 277 ut
593 250 763 277 causam
785 237 958 294 diceret,
972 236 1005 275 si
1019 249 1148 289 quam
1162 235 1354 286 haberet,
1371 249 1501 288 quare
1519 235 1682 275 dictum

147 301 378 341 annualem
400 302 618 342 redditum
640 301 824 342 duorum
847 300 1079 341 solidorum
1102 301 1316 353 praedictis
1338 300 1503 339 vicariis
1527 300 1686 339 solvere

150 379 235 405 non
271 366 459 406 deberet.
523 366 605 414 Qui
639 365 815 419 quidem
849 365 1050 404 dominus
1084 364 1278 419 Rogerus
1314 364 1448 404 aliurn
1483 363 1598 403 diem
1634 363 1685 402 ad

149 434 285 470 cartas
323 443 417 470 suas
451 434 496 470 et
528 431 770 470 credencias
804 428 1065 470 exhibendas
1102 429 1182 469 sibi
1215 443 1315 469 cum
1349 428 1559 468 instancia
1602 441 1686 467 non

150 494 317 533 modica
352 495 483 548 peciit
524 495 745 549 assignari.
808 494 865 534 Et
900 494 1144 548 assignatus
1178 494 1264 534 fuit
1298 492 1474 547 praefato
1515 493 1688 532 domino

152 558 318 612 Rogero
349 573 425 612 per
456 559 710 613 praedictum
742 559 967 598 dominum
999 557 1257 608 Johannem,
1274 557 1468 612 judicem
1495 556 1687 602 suumin

151 621 230 662 hac
252 627 372 675 parte
395 624 657 663 ordinarium
680 627 822 663 certus
845 622 935 662 dies
958 636 1042 675 quo
1074 628 1210 662 cartas
1243 627 1286 662 et
1319 621 1560 661 evidencias
1595 634 1689 660 suas

151 685 400 740 hujusmodi
442 689 486 727 in
523 687 689 741 judicio
723 685 960 727 exhiberet.
1024 686 1116 734 Quo
1151 686 1219 725 die
1254 686 1512 726 adveniente
1548 699 1688 725 coram

151 751 354 804 praedicto
375 751 550 791 domino
571 751 597 791 J
602 750 782 801 ohanne,
806 764 881 790 suo
897 750 1043 804 judice
1066 751 1111 790 in
1133 750 1258 789 domo
1290 749 1516 803 capitulari
1539 763 1688 802 supra-

150 815 266 854 dicto
299 829 374 868 pro
402 815 610 855 tribunali
646 815 837 865 sedente,
870 814 1072 867 praefatus
1106 814 1307 854 dominus
1344 814 1537 868 Rogerus
1574 828 1688 853 com·

150 892 315 931 parens,
338 879 551 933 quandam
575 883 736 918 cartam
766 877 961 918 exhibuit
993 878 1164 918 realiter
1197 882 1240 917 et
1272 878 1488 931 produxit.
1551 878 1687 925 Quam

151 943 327 996 quidem
350 946 513 983 cartam
536 942 737 996 praefatus
770 942 971 982 dominus
1002 940 1222 983 ‚Iohannes
1249 943 1369 981 Deen
1393 942 1435 980 in
1459 943 1690 995 praesencia

153 1020 228 1046 sua
249 1011 295 1046 et
316 1008 529 1047 dictorum
552 1008 819 1057 vicariorum,
842 1006 1014 1060 publice
1037 1006 1122 1060 legi
1145 1005 1263 1057 fecit,
1281 1010 1321 1045 et
1348 1009 1495 1059 postea
1509 1007 1686 1046 eandem

151 1072 197 1110 in
221 1072 308 1111 suis
329 1072 527 1111 manibus
549 1076 718 1121 tenens,
740 1071 851 1110 clara
871 1071 967 1110 luce
989 1070 1222 1125 diligenter
1243 1071 1446 1123 inspexit,
1468 1070 1688 1123 ipsamque

151 1139 314 1175 cartam
358 1136 469 1176 sicut
510 1136 791 1188 praemittitur
832 1148 909 1188 per
949 1134 1175 1187 praefatum
1209 1135 1431 1174 dominum
1469 1134 1685 1187 Rogerum

151 1198 388 1239 exhibitam
411 1203 456 1240 et
478 1200 745 1253 productam,
768 1203 810 1239 et
833 1213 908 1252 per
930 1199 1183 1252 praedictum
1198 1199 1421 1239 dominum
1444 1196 1686 1238 ,Iohannem

144 1262 339 1316 judicem
360 1277 407 1303 ac
430 1269 604 1304 caeteros
621 1263 893 1317 jurisperitos
915 1264 1243 1303 circumstantes
1256 1276 1356 1302 cum
1378 1262 1687 1302 deliberacione

150 1328 405 1381 inspectam,
427 1332 697 1382 compertum
716 1331 783 1367 est
804 1328 950 1381 inique
974 1341 1064 1367 esse
1086 1330 1352 1380 conceptam,
1374 1326 1619 1376 invalidam,
1643 1331 1688 1366 et

150 1395 404 1445 suspectam,
426 1406 472 1432 ac
495 1393 612 1432 omni
629 1392 741 1446 juris
763 1392 908 1446 vigore
930 1405 1085 1431 carere.
1119 1390 1243 1431 Unde
1260 1389 1462 1444 praefatus
1484 1390 1685 1430 dominus

148 1454 380 1507 Johannes,
406 1455 542 1510 judex
563 1456 821 1504 antedictus,
846 1456 1047 1509 praecepit
1077 1455 1280 1508 praedicto
1312 1455 1484 1494 domino
1506 1454 1685 1508 Rogero,

148 1523 198 1559 ut
249 1520 410 1560 dictam
451 1525 611 1560 cartam
653 1524 860 1573 tanquam
902 1519 1107 1573 injustam
1150 1519 1353 1572 abjiceret
1394 1522 1438 1558 et
1477 1523 1684 1572 perpetuo

147 1587 381 1634 amoveret,
412 1585 663 1638 dictumque
705 1584 934 1623 annualem
967 1583 1185 1623 redditum
1225 1583 1409 1623 duorum
1452 1582 1682 1622 solidorum

148 1647 334 1701 praefatis
356 1649 524 1688 vicariis
554 1649 607 1689 de
629 1649 744 1689 dicto
766 1648 986 1701 mesuagio
1014 1647 1058 1686 in
1081 1647 1326 1700 Annasgate
1357 1647 1608 1696 exemitum,
1631 1646 1683 1686 de

148 1715 301 1752 caetero
321 1713 582 1766 persolveret
602 1712 787 1752 fideliter
809 1715 859 1751 ut
880 1715 1070 1751 tenetur.
1133 1710 1264 1764 Cujus
1286 1711 1459 1750 decreto
1480 1710 1681 1763 praefatus

148 1776 347 1816 dominus
389 1777 582 1831 Rogerus
623 1776 937 1829 obtemperans,
971 1789 1110 1815 coram
1145 1774 1343 1814 omnibus
1385 1773 1544 1814 ibidem
1577 1778 1681 1814 tunc

146 1841 444 1893 praesentibus,
466 1841 519 1881 ad
540 1841 704 1881 dictum
725 1840 954 1880 annualem
984 1839 1201 1879 redditum
1233 1838 1416 1878 duorum
1449 1837 1678 1877 solidorum

146 1904 361 1957 praedictis
402 1905 568 1945 vicariis
609 1905 808 1957 deinceps
844 1903 1029 1943 fideliter
1066 1902 1395 1956 persolvendum
1431 1915 1473 1942 se
1510 1902 1680 1955 publice

145 1969 352 2009 oneravit.
414 1969 478 2008 De
510 1968 667 2022 quibus
692 1967 867 2021 quidem
889 1967 1057 2007 duobus
1087 1966 1232 2006 solidis
1253 1965 1447 2005 annualis
1469 1966 1676 2015 redditus,

144 2032 345 2072 dominus
367 2033 610 2072 Willelmus
634 2032 791 2086 Speton
817 2031 1086 2084 supradictus
1108 2045 1184 2084 per
1206 2029 1431 2083 praefatum
1454 2030 1678 2069 dominum

146 2096 364 2151 Rogerum
386 2097 558 2150 VVaryn,
580 2100 631 2136 ut
651 2110 726 2150 pro
756 2109 869 2135 anno
902 2109 991 2145 suo,
1014 2109 1057 2135 se
1089 2095 1336 2149 recognovit
1366 2108 1457 2134 esse
1490 2094 1675 2134 solutum

145 2160 318 2201 realiter
339 2164 384 2201 et
405 2165 675 2201 contentum.
737 2160 842 2200 Acta
864 2163 965 2199 sunt
986 2158 1075 2199 haec
1096 2163 1225 2213 prout
1248 2158 1621 2211 suprascribuntur
1635 2162 1677 2198 et

145 2224 382 2265 recitantur
404 2225 482 2265 sub
501 2239 613 2264 anno
634 2225 822 2274 Domini,
844 2223 1099 2272 indiccione,
1120 2222 1389 2276 pontificatu,
1411 2222 1494 2272 die,
1517 2235 1679 2271 mense,

147 2291 193 2328 et
233 2287 323 2328 loco
356 2289 668 2342 suprascriptis,
700 2287 982 2341 praesentibus
1024 2287 1218 2326 discretis
1261 2290 1306 2325 et
1345 2284 1537 2325 honestis
1578 2285 1679 2325 viris

146 2351 332 2392 dominis
366 2352 552 2393 Roberto
584 2350 861 2405 Brydekyrke
897 2354 941 2390 et
973 2348 1170 2390 Johanne
1203 2350 1393 2399 VVavsor,
1427 2350 1593 2389 vicariis
1633 2349 1678 2389 in

146 2415 322 2456 ecclesia
343 2416 569 2471 collegiata
582 2417 725 2456 Beatae
748 2415 895 2455 Mariae
914 2412 1136 2463 Suthwell,
1154 2413 1280 2453 Ebor.
1295 2414 1538 2464 dioeceseos,
1555 2413 1679 2453 testi-

147 2479 225 2519 bus
247 2479 299 2519 ad
321 2481 538 2533 praemissa
559 2481 718 2520 vocatis
742 2478 984 2532 specialiter
1006 2482 1051 2518 et
1072 2479 1245 2531 rogatis.

384 2538 388 2545 ⁵
436 2545 489 2583 Et
514 2558 592 2598 ego
624 2542 840 2584 Johannes
862 2542 1046 2582 Altoftes
1078 2542 1271 2590 clericus,
1294 2542 1417 2581 Ebor.
1441 2542 1549 2581 dioc.
1572 2541 1681 2594 pub-

347 2608 455 2647 licus
477 2609 731 2647 auctoritate
753 2606 982 2660 apostolica
1004 2607 1212 2656 notarius,
1235 2606 1466 2658 przemissis
1481 2605 1679 2644 omnibus

347 2676 391 2712 et
425 2672 605 2726 singulis
637 2672 742 2711 dum
775 2671 885 2710 sicut
916 2671 1197 2723 praemittitur
1231 2670 1307 2709 sub
1344 2683 1454 2709 anno
1492 2669 1681 2714 Domini,

147 2736 398 2786 indiccione,
420 2736 688 2789 pontificatu,
710 2748 872 2784 mense,
890 2735 974 2784 die,
989 2738 1030 2774 et
1055 2734 1146 2773 loco
1169 2734 1423 2786 supradictis
1444 2733 1681 2787 agebantur

150 2804 193 2839 et
216 2800 388 2849 fiebant,
411 2815 496 2840 una
518 2814 615 2840 cum
638 2799 958 2852 prznnominatis
981 2798 1178 2847 testibus,
1198 2812 1381 2851 praesens
1405 2797 1682 2850 personaliter

149 2863 342 2913 interfui,
365 2878 497 2917 eaque
519 2864 661 2904 omnia
685 2868 725 2903 et
752 2862 917 2917 singula
953 2863 1010 2901 sic
1035 2862 1121 2905 fieri
1155 2862 1238 2901 vicli
1272 2867 1311 2901 et
1336 2862 1494 2911 audivi,
1519 2862 1681 2914 scripsi.

145 2596 293 2634 Notary’s

146 2635 246 2664 mark.

1824 111 1915 157 167

1724 371 1920 409 and.l1aving

1723 410 1879 447 earnosvly

1725 450 1841 485 ben-aed
1858 450 1904 479 for

1724 498 1742 517 a
1758 490 1818 526 day
1836 489 1883 518 for

1725 528 1774 556 his
1786 529 1920 564 desem-e,

1726 567 1763 596 he
1780 567 1840 596 had
1856 577 1913 597 one

1724 607 1876 645 asrigned.

1726 692 1775 722 He
1791 693 1866 722 then

1724 733 1844 761 shewed
1860 741 1878 761 a

1723 772 1848 800 charter

1725 811 1824 839 which
1839 820 1902 840 was

1724 850 1856 885 rejected
1873 860 1907 880 as

1725 889 1809 919 false.

1719 1728 1843 1757 Where

1717 1777 1799 1805 upon
1818 1769 1854 1796 he

1716 1807 1830 1841 agreed
1846 1811 1878 1836 to

1715 1855 1787 1884 pay.

1714 2360 1899 2390 W⁷1tnesses.

1715 2550 1864 2587 Notary's

1715 2597 1776 2619 cert
1783 2589 1860 2617 ifiea'
1868 2598 1894 2619 e.
