1955 3068
600 186 827 218 ORIGINAL
862 185 1150 218 DOCUMENTS.

108 298 197 337 suis
239 297 532 350 pe1·ti11enciiS,
574 298 848 352 distringere,
896 300 941 337 et
991 298 1283 337 districciones
1336 298 1436 337 inde
1488 298 1644 338 ducere

107 375 330 414 quousque
373 361 426 401 de
468 362 671 414 praedicto
704 362 880 402 annuali
921 362 1094 402 redditu
1129 367 1172 402 et
1206 363 1442 416 arreragiis,
1478 364 1511 401 si
1548 377 1642 415 quae

106 416 284 475 fuerint,
316 425 504 478 plenarie
546 425 679 465 fuerit
721 425 1001 465 satisfactum.
1064 426 1121 465 Et
1158 440 1237 480 ego
1273 439 1372 465 vero
1413 425 1643 478 praedictus

107 486 326 528 Johannes
350 488 517 541 Clynte,
540 487 718 528 heredes
741 493 785 529 et
806 489 1013 542 assignati
1029 489 1128 539 mei,
1146 489 1397 542 praedictum
1413 488 1642 528 annualem

105 552 324 591 redditum
347 553 531 591 duorum
554 552 786 591 solidorum
803 552 989 605 praefatis
1003 553 1029 593 J
1032 551 1206 602 ohanni,
1221 553 1247 593 J
1251 551 1423 602 ohanni,
1442 552 1644 601 Roberto,

107 614 310 666 Johanni,
327 620 371 655 et
388 616 414 656 J
418 616 560 666 acobo,
576 614 805 656 heredibus
829 620 873 656 et
895 629 1042 655 eorum
1063 617 1305 670 assignatis,
1326 621 1473 656 contra
1495 629 1643 655 omnes

105 683 259 732 gentes
280 679 649 719 warantizabimus
673 684 716 719 et
739 681 1059 732 imperpetuum
1086 680 1381 720 defendemus.
1443 680 1497 719 In
1519 679 1643 732 cujus

105 744 168 782 rei
192 744 492 783 testimonium
523 742 623 782 huic
655 745 855 796 praesenti
887 747 1012 783 cartae
1045 744 1237 797 sigillum
1269 757 1417 783 meum
1447 744 1642 796 apposui.

105 807 204 846 Hiis
241 807 442 857 testibus,
479 807 695 846 willelmo
724 807 776 846 de
814 808 979 856 Ledes3
1011 807 1230 846 willelmo
1266 808 1320 847 de
1356 806 1641 856 Thorntonn3

104 869 301 911 Johanne
343 871 503 924 Percy3
534 871 753 910 Willehno
786 870 1011 920 Colstane3
1043 871 1224 911 Ricardo
1255 871 1308 910 de
1341 870 1641 920 Richmonde3

104 938 148 974 et
169 934 278 975 aliis.

193 998 291 1038 Dat.
327 998 494 1051 Ripon’,
531 999 600 1038 die
635 998 788 1038 Martis
830 1012 948 1051 prOX.
980 1002 1077 1051 post
1117 997 1279 1038 festum
1320 998 1640 1038 Purificacionis

102 1061 248 1101 Beatae
289 1062 437 1102 Mariae
470 1063 678 1117 Virginis,
708 1063 833 1102 Anno
864 1063 1039 1102 Domini
1070 1062 1304 1103 Millesimo
1334 1063 1641 1102 trecentesimo

102 1126 379 1179 nonogesimo
400 1139 526 1166 n0n0.

191 1190 306 1229 Item
328 1188 535 1230 habemus
557 1191 898 1230 instrumentum
922 1190 974 1230 de
998 1191 1162 1231 eodem.

192 1317 347 1358 Obitus
389 1316 600 1358 Johannis
643 1317 866 1371 Frankysh
909 1319 1100 1369 senioris,
1132 1318 1350 1371 Wynandi
1390 1318 1442 1358 de
1480 1319 1638 1372 Rodys,

100 1379 310 1421 Johannis
337 1381 634 1435 Hawkyswyk,
667 1385 712 1421 et
743 1382 929 1422 Julianae
960 1383 1102 1422 uxoris
1135 1374 1397 1422 eorundem*¹
1432 1382 1509 1422 fiat
1539 1383 1638 1436 111]ῑῦ

100 1445 170 1485 die
191 1446 352 1484 mensis
374 1446 576 1498 Augusti,
598 1459 675 1499 pro
697 1459 781 1498 quo
803 1444 966 1485 habent
988 1460 1061 1485 sex
1082 1446 1228 1485 vicarii
1252 1460 1391 1485 unum
1412 1449 1638 1486 tenemen-

98 1511 195 1548 tum
217 1509 263 1548 in
294 1509 593 1562 Ploxumgate,
626 1510 752 1550 modo
783 1510 829 1548 in
860 1513 1015 1549 tenura
1038 1509 1201 1562 Makyn
1235 1508 1405 1563 Smyth,
1429 1513 1474 1549 et
1495 1510 1638 1550 reddit

99 1587 175 1626 per
207 1587 370 1613 annum
400 1588 426 1613 x
459 1588 507 1625 s.,
549 1575 664 1614 unde
697 1575 831 1614 iidem
872 1575 1020 1614 vicarii
1053 1575 1274 1614 solverunt
1304 1576 1531 1614 annuatim
1564 1589 1637 1615 sex

99 1637 286 1677 diaconis
311 1639 670 1678 interessentibus
693 1639 831 1678 obitui
853 1639 1087 1678 eorundem
1108 1638 1209 1691 xviij
1234 1639 1292 1688 d.,
1315 1638 1388 1678 sed
1409 1639 1534 1678 modo
1557 1639 1638 1678 sol-

99 1707 209 1743 vunt
240 1702 437 1744 choristis
468 1705 828 1744 interessentibus
858 1704 1000 1744 eidem
1021 1704 1161 1744 obitui
1183 1703 1211 1757 ij
1244 1718 1292 1754 s.,
1315 1704 1492 1743 cuilibet
1515 1704 1543 1757 ij
1569 1705 1637 1752 d.;

97 1830 265 1871 obitum
287 1831 536 1881 eorundem,
558 1830 586 1885 ij
612 1832 652 1872 d.
675 1832 789 1871 unde
812 1835 926 1872 carta
947 1831 1142 1885 ejusdem
1164 1832 1372 1884 sequitur.

799 1943 935 1987 (LIV.)

188 2024 338 2065 Sciant
367 2027 601 2078 praesentes
633 2027 677 2064 et
708 2023 860 2075 futuri,
883 2023 996 2077 quod
1028 2037 1108 2078 ego
1140 2022 1358 2064 Johannes
1389 2024 1442 2064 de
1466 2023 1633 2078 Clynte,

97 2089 360 2142 capellanus,
396 2088 511 2139 dedi,
553 2089 755 2138 concessi,
801 2091 846 2128 et
886 2087 965 2127 hac
1006 2088 1211 2141 praesenti
1252 2091 1369 2128 carta
1395 2080 1636 2128 ‘indentata

99 2152 347 2192 confirmavi
370 2152 556 2192 Roberto
578 2150 795 2191 Basthane
817 2155 863 2191 et
883 2150 1073 2192 ,Iohanni
1094 2152 1147 2191 de
1180 2151 1445 2205 Bondegate,
1468 2152 1635 2191 vicariis

97 2216 285 2255 ecclesiae
319 2215 557 2269 collegiatae
588 2214 756 2268 Ripon’,
788 2228 926 2254 unum
956 2215 1216 2269 burgagium
1251 2228 1351 2254 cum
1383 2215 1471 2254 suis
1502 2216 1636 2267 perti-

98 2279 277 2329 nenciis,
294 2278 443 2332 jacens
465 2279 510 2317 in
533 2278 686 2331 Ripon'
707 2279 752 2317 in
774 2279 1011 2331 WVestgate,
1033 2279 1148 2318 inter
1163 2278 1423 2332 burgagium
1439 2279 1634 2332 magistri

97 2341 126 2382 J
128 2340 308 2381 ohannis
330 2342 382 2382 de
406 2341 621 2392 Clifforde,
639 2341 891 2382 thesaurarii
914 2342 1053 2392 Ebor’,
1069 2355 1119 2381 ex
1140 2346 1260 2394 parte
1283 2355 1382 2392 una,
1401 2345 1445 2381 et
1466 2355 1635 2381 mesua-

97 2406 222 2458 gium
252 2419 398 2445 meum
430 2406 594 2446 ibidem
625 2420 678 2446 ex
708 2409 828 2459 parte
860 2405 1009 2455 altera,
1045 2404 1292 2445 habendum
1314 2409 1359 2445 et
1391 2406 1631 2445 tenendum

97 2468 351 2521 praedictum
381 2469 641 2523 burgagium
673 2483 771 2509 cum
804 2470 892 2509 suis
923 2470 1203 2522 pertinenciis
1234 2469 1422 2522 praefatis
1444 2469 1632 2509 Roberto

97 2536 143 2571 et
171 2531 359 2573 Johanni
387 2532 627 2573 haeredibus
661 2537 705 2572 et
734 2533 961 2586 assignatis
983 2533 1070 2572 suis
1091 2532 1239 2582 libere,
1262 2533 1424 2585 quiete,
1447 2533 1632 2586 integre,

98 2594 223 2646 bene,
246 2599 291 2636 et
312 2597 357 2635 in
379 2609 482 2649 pace
513 2597 848 2649 imperpetuum,
880 2596 932 2635 de
964 2596 1138 2649 capitali
1169 2596 1342 2635 domino
1364 2595 1476 2635 feodi
1499 2596 1632 2647 illius,

96 2672 172 2711 per
203 2659 380 2699 servicia
406 2659 507 2699 inde
540 2659 700 2708 debita,
730 2663 775 2698 et
810 2659 862 2698 de
894 2658 993 2712 jure
1026 2663 1242 2699 consueta.
1304 2659 1360 2698 Et
1389 2658 1632 2699 faciendum

97 2735 234 2761 unum
269 2723 438 2762 obitum
468 2722 579 2761 infra
619 2721 798 2762 chorum
838 2723 1026 2763 ecclesiae
1063 2723 1297 2777 collegiatae
1338 2722 1492 2775 Ripon’
1532 2737 1631 2762 cum

97 2783 279 2825 Placebo
301 2789 346 2825 et
366 2783 525 2838 Dirige
547 2788 591 2825 et
612 2799 710 2824 cum
732 2786 916 2838 quadam
938 2787 1067 2825 missa
1089 2786 1140 2826 de
1158 2784 1374 2839 Requiem
1394 2799 1493 2824 cum
1515 2790 1630 2836 nota,

96 2848 288 2902 quolibet
320 2863 432 2889 anno
462 2850 799 2902 imperpetuum,
831 2853 983 2901 quarto
1014 2850 1083 2889 die
1127 2849 1288 2889 mensis
1319 2849 1521 2903 Augusti,
1553 2863 1630 2902 pro

501 2927 557 2971 (l)
586 2927 627 2960 In
651 2926 712 2961 the
730 2927 929 2971 indentur-e,
948 2927 1089 2962 ‘uxoris
1106 2927 1203 2962 suae!

1678 817 1862 849 Witnesses.

1673 1327 1747 1358 Obit
1763 1327 1797 1355 of

1673 1367 1757 1396 John
1775 1367 1874 1395 Fran-

1673 1406 1754 1443 kysh
1770 1406 1833 1434 and

1673 1445 1787 1480 others,
1802 1448 1835 1474 to

1673 1484 1710 1513 be
1726 1484 1803 1521 kept
1816 1493 1856 1512 on

1673 1523 1801 1561 August
1816 1524 1844 1552 4.

1668 2034 1740 2064 Oct.
1756 2035 1785 2070 6,

1671 2075 1756 2102 1391.

1668 2113 1751 2142 John
1766 2113 1805 2142 de

1669 2152 1785 2189 Clynte

1668 2194 1778 2228 grants
1792 2193 1825 2219 to

1668 2232 1730 2258 two
1745 2230 1849 2258 vicars

1668 2277 1686 2296 a
1701 2269 1842 2306 burgage

1668 2308 1700 2335 in
1717 2306 1820 2336 VVest-

1667 2350 1748 2383 gate,
1765 2346 1815 2374 for

1668 2394 1707 2414 nn
1723 2385 1797 2422 obit,

1664 2734 1703 2763 fo.
1719 2735 1776 2764 103
1792 2735 1813 2764 f.

1663 2862 1711 2893 On
1731 2863 1817 2901 Aug.
1832 2864 1861 2892 4.
