1935 3151
96 155 189 202 258

90 774 168 804 Tho.
184 775 220 804 de
235 776 266 803 ln

91 814 275 843 XVodehallc

89 856 123 882 to
139 854 190 882 the

90 892 216 921 Charch
233 892 268 921 of

92 930 205 968 Ripon.

93 1791 276 1821 witnesses.

810 171 1084 204 MEMORIALS
1120 171 1178 204 OF
1214 172 1371 205 RIPON.

327 281 492 321 catallis
525 285 625 334 suis,
658 285 719 324 ire
753 287 793 324 et
828 284 966 323 redire
993 283 1255 336 ubinamque
1276 283 1489 323 voluerint
1490 310 1711 323 ......
1719 282 1727 307 ¹
1765 281 1856 324 sine

328 345 641 397 impedimento
673 361 769 387 meo
800 347 867 387 vel
899 346 1118 386 haeredum
1151 360 1360 386 meorum.
1423 346 1476 386 In
1502 345 1624 399 cujus
1646 347 1707 386 rei
1729 349 1856 387 testi-

326 409 520 449 monium
552 410 652 451 huic
685 412 841 464 scripto
874 411 1072 464 praesenti
1107 411 1299 465 sigillum
1333 424 1479 449 meum
1501 412 1694 463 apposui.
1757 411 1855 450 Hiis

327 473 524 524 testibus,
547 479 627 515 etc.

555 618 666 653 CXL.
703 619 1029 654 CONOERNING
1067 619 1303 655 STEPHEN
1333 619 1439 653 AND
1471 618 1624 654 ALAN.

839 687 1130 732 (DARNBROUGH
1156 687 1235 723 MS.
1262 687 1380 733 xxiv.)

415 758 625 799 Omnibus
660 759 827 800 Sanctae
863 761 1019 800 Matris
1055 761 1257 800 Ecclesiae
1292 760 1394 800 filiis
1433 760 1487 799 ad
1521 774 1627 813 quos
1668 773 1854 813 praesens

326 822 532 874 scriptum
563 824 823 876 pervenerit,
847 822 1029 863 Thomas
1061 824 1201 863 dictus
1234 824 1286 864 de
1315 824 1356 864 la
1377 822 1644 873 VVodehalle,
1668 824 1854 864 salutem

324 885 369 924 in
420 886 617 927 Domino,
700 887 909 927 Noverint
951 888 1208 927 universitas
1259 891 1400 928 vestra
1441 901 1510 927 me
1552 888 1768 927 remisisse
1810 891 1855 928 et

324 948 522 1001 quietum
543 950 746 990 clamasse
768 951 821 990 de.
845 965 913 990 me
936 954 980 990 et
1001 949 1243 991 haeredibus
1266 952 1374 991 meis
1396 952 1441 991 in
1463 954 1741 1004 perpetuum,
1763 952 1855 991 Deo

327 1015 372 1052 et
403 1013 590 1053 ecclesiae
623 1014 769 1054 Sancti
793 1014 980 1054 Wilfridi
1003 1015 1055 1054 de
1078 1014 1246 1068 Ripon’,
1269 1019 1311 1055 et
1335 1015 1548 1055 canonicis
1573 1015 1734 1055 ibidem
1764 1015 1856 1055 Deo

324 1077 622 1127 servientibus,
659 1081 802 1117 totum
830 1078 905 1131 jus
939 1081 984 1118 et
1017 1078 1220 1118 clamium
1255 1079 1368 1132 quod
1401 1077 1533 1118 habui
1569 1078 1637 1118 vel
1662 1092 1854 1131 unquam

322 1137 478 1179 habere
500 1142 623 1193 potui
645 1142 690 1180 in
724 1140 944 1194 Stephano
976 1144 1021 1181 et
1042 1142 1178 1181 Alano
1200 1142 1300 1182 filiis
1332 1142 1459 1181 Alani
1480 1142 1559 1181 filii
1580 1140 1824 1195 Theophini
1839 1143 1855 1166 2

322 1202 373 1242 de
404 1203 585 1254 Burton,
607 1205 669 1244 ita
702 1205 864 1244 scilicet
886 1205 998 1258 quod
1019 1219 1242 1259 nunquam
1264 1206 1486 1259 praedictos
1511 1203 1777 1257 Stephanum
1809 1205 1855 1241 et

321 1266 507 1306 Alanum
529 1281 606 1307 nec
628 1267 818 1308 haeredes
841 1282 989 1308 eorum
1012 1282 1091 1322 ego
1112 1283 1190 1309 nec
1211 1268 1402 1309 haeredes
1423 1269 1510 1308 mei
1532 1267 1855 1308 vendicabimus

322 1330 367 1368 in
391 1331 508 1370 curia
531 1330 865 1371 Christianitatis
888 1332 955 1372 vel
978 1332 1144 1386 laycali,
1168 1336 1233 1373 set
1247 1333 1409 1373 eisdem
1433 1336 1476 1372 et
1497 1331 1741 1372 haeredibus
1765 1331 1855 1369 suis

323 1406 420 1432 cum
443 1394 561 1433 omni
585 1395 757 1447 sequela
779 1398 823 1434 et
840 1395 979 1434 catell’
996 1409 1158 1447 eorum,
1175 1399 1226 1436 ut
1239 1397 1386 1435 liberis
1402 1394 1649 1435 hominibus
1666 1394 1856 1434 concessi

322 1469 399 1508 pro
426 1470 495 1496 me
531 1460 575 1497 et
603 1456 846 1497 haeredibus
874 1459 997 1508 meis,
1026 1460 1139 1512 quod
1172 1463 1274 1499 eant
1299 1462 1345 1499 et
1369 1459 1548 1498 redeant
1579 1461 1622 1498 et
1652 1460 1856 1497 maneant

322 1519 586 1573 ubicumque
609 1521 794 1570 valeant,
817 1521 949 1561 libere
979 1525 1022 1562 et
1049 1523 1210 1575 quiete,
1234 1523 1326 1562 sine
1357 1523 1502 1576 aliquo
1528 1522 1855 1575 impedimento,

323 1584 582 1636 gravamine,
623 1585 978 1635 contradiccione,
1020 1589 1065 1625 et
1105 1587 1348 1640 calumpnia
1389 1587 1475 1626 mei
1516 1586 1583 1626 vel
1634 1584 1856 1625 haeredum

323 1661 532 1688 meorum.
594 1649 651 1687 Et
670 1651 722 1687 ut
744 1647 833 1687 haec
855 1661 952 1688 mea
973 1650 1166 1689 remissio
1190 1654 1235 1689 et
1266 1651 1412 1703 quieta
1432 1649 1637 1689 clamacio
1660 1652 1703 1689 et
1724 1647 1856 1702 hujus

324 1716 449 1752 cartae
485 1725 592 1751 meae
628 1712 896 1751 confirmacio
937 1716 1155 1766 perpetuae
1198 1714 1448 1754 stabilitatis
1483 1714 1611 1753 robur
1647 1713 1856 1766 optineat,

324 1776 524 1829 praesenti
548 1776 703 1828 scripto
725 1776 917 1829 sigillum
938 1791 1085 1816 meum
1108 1778 1211 1817 duxi
1233 1778 1551 1831 apponendum.
1612 1777 1710 1816 Hiis
1731 1777 1857 1816 testi-

323 1840 418 1889 bus,
440 1840 611 1879 domino
633 1839 819 1879 Patricio
841 1840 892 1879 de
915 1840 1154 1892 Westewic,
1177 1842 1351 1881 domino
1372 1842 1501 1881 Petro
1523 1841 1575 1881 de
1597 1841 1739 1880 Auille
1753 1839 1856 1895 ³(?)

272 1906 277 1911 ’
325 1903 480 1942 ballivo
522 1903 689 1955 Ripon',
726 1903 818 1943 Ada
854 1903 999 1953 VVard,
1033 1904 1221 1945 Roberto
1258 1906 1310 1945 de
1344 1906 1515 1954 Hilton,
1548 1904 1766 1943 willelmo
1802 1905 1856 1944 de

165 2493 231 2515 AJ).

104 2524 288 2554 11521-1181.

102 2580 238 2609 Archbi-

104 2619 180 2655 shop
200 2619 300 2655 lloger

104 2659 136 2685 to
154 2657 253 2691 l'etor,

104 2695 153 2723 his
169 2695 271 2724 eham-

106 2734 233 2763 berluin.

326 1966 528 2016 Bocland,
551 1967 575 2007 J
581 1965 747 2006 ohanne
769 1966 908 2016 Ebor’,
930 1968 1150 2008 Willelmo
1171 1968 1212 2008 le
1236 1969 1407 2022 Sureys,
1431 1972 1474 2008 et
1494 1968 1645 2008 multis
1667 1968 1777 2008 aliis.

773 2211 809 2249 X
819 2212 852 2250 I.
886 2212 1137 2252 PRIVATE
1179 2213 1422 2254 GRANTS.

377 2323 507 2356 CXLI.
542 2321 716 2357 GRANT
748 2321 811 2356 OF
843 2322 957 2358 TWO
989 2323 1292 2360 OARUOATES
1326 2324 1381 2359 IN
1414 2324 1807 2360 INGERTHORPE)

861 2393 1005 2438 (Bn‘on
1035 2393 1217 2429 CHAPTER
1241 2396 1337 2442 MS.)

421 2465 614 2518 Roger‘us
637 2464 716 2503 Dei
739 2465 879 2518 gratia
900 2466 1088 2508 Eborum
1110 2468 1477 2523 Archiepiscopus,
1499 2470 1698 2511 omnibus
1718 2469 1857 2510 homi-

332 2529 458 2569 nibus
500 2528 588 2567 suis
625 2528 801 2567 Francis
833 2532 877 2568 et
913 2530 1079 2584 AngliS,
1117 2531 1314 2574 salutem.
1378 2533 1532 2574 Sciatis
1570 2547 1646 2573 nos
1679 2533 1857 2573 donasse

334 2592 462 2632 Petro
484 2591 712 2631 camerario
735 2594 879 2631 nostro
901 2606 976 2645 pro
1001 2596 1175 2634 servitio
1198 2609 1287 2646 suo,
1301 2600 1346 2636 et
1367 2595 1607 2637 haeredibus
1630 2597 1732 2646 suis,
1753 2597 1858 2637 duas

408 2687 462 2731 (1)
491 2686 549 2720 An
568 2685 829 2730 unintelligible
847 2688 945 2722 word
965 2687 1057 2724 here.

409 2740 464 2782 (2)
494 2738 630 2771 Should
648 2737 689 2771 be
709 2738 911 2773 ‘Thorfini.'

410 2790 466 2833 (a)
493 2789 656 2834 Reading
673 2789 850 2824 doubtful.
902 2791 1015 2826 Name
1033 2792 1198 2828 followed
1217 2794 1253 2829 in
1272 2795 1347 2830 MS.
1366 2794 1413 2841 by
1431 2800 1480 2831 ee.

410 2843 466 2886 (4)
494 2841 601 2875 From
626 2853 670 2875 an
691 2842 749 2875 old
769 2842 962 2889 transcript
983 2844 1092 2888 (circa
1112 2846 1220 2891 1600)
1240 2859 1284 2882 on
1311 2859 1332 2882 a
1349 2848 1447 2884 sheet
1465 2848 1505 2883 of
1517 2859 1635 2895 paper,
1652 2849 1859 2893 containing

336 2893 452 2938 copies
470 2893 510 2927 of
523 2893 690 2936 charters,
707 2897 772 2928 etc.
824 2894 941 2940 Ripon
959 2895 1110 2932 Minster
1126 2898 1230 2934 MSS.
1246 2899 1286 2935 B.
1302 2901 1358 2936 21.
