1935 3151
579 116 806 149 ORIGINAL
846 113 1133 147 Doci'MENTS.

87 229 432 271 exoneracionem
458 229 683 268 sulm-ionis
706 229 809 268 dicti
833 227 963 267 annui
988 227 1181 266 redditus
1204 227 1353 267 decem
1388 240 1624 266 marcarum

86 301 158 336 aut
186 293 367 347 alicujus
400 293 593 346 parcella?
616 293 823 346 ejusdem,
857 306 931 331 seu
963 292 1089 331 dictae
1122 305 1300 331 sumnia}
1330 292 1370 331 xl
1395 291 1625 331 solidorum

87 360 260 399 nomine
282 371 431 411 poenae,
454 362 529 397 aut
552 358 676 397 dicta]
699 371 877 397 suumne
895 357 1085 409 quinque
1103 369 1356 405 marcarum,
1380 357 1436 395 sit
1458 356 1626 394 racione

86 423 272 477 allegata
305 422 508 475 praedicta
540 435 803 471 concessum,
836 421 918 460 nisi
956 419 1258 460 tantummodo
1289 419 1626 472 acquietanciam

89 488 155 528 vel
191 488 397 539 scriptum
430 489 603 539 portans
639 486 784 525 datam
818 486 863 525 in
897 485 1022 524 domo
1056 484 1279 538 capitulari
1313 483 1502 524 ecclesiae
1543 482 1629 522 col-

88 552 258 606 legiatae
280 550 445 603 Ripon’.

178 616 235 655 Et
252 613 395 669 (cum)
416 615 588 668 insuper
609 614 942 654 concesserimus
964 626 1040 667 per
1062 612 1268 666 scriptum
1290 616 1486 652 nostrum
1508 614 1630 650 ante-

90 681 270 729 dictum,
292 679 405 732 quod
437 679 471 718 si
504 693 579 719 nos
611 679 754 718 dictus
786 678 908 718 Prior
939 682 985 718 et
1015 681 1252 717 conventus
1285 677 1629 731 allegaverimuS,

92 759 166 785 seu
205 757 464 784 successores
505 744 640 783 nostri
678 743 975 797 allegaverint,
1007 742 1194 795 aliquam
1231 742 1493 782 solucionem
1527 740 1629 780 alibi

90 809 247 849 factam
268 821 397 861 quam
419 808 470 847 ad
494 808 660 847 dictum
682 807 829 857 altare,
846 807 934 846 sive
955 805 1118 859 aliquid
1142 806 1349 859 scriptum
1371 806 1438 846 vel
1461 805 1632 858 acquie-

92 873 276 913 tanciam
300 875 473 925 portans
494 872 639 911 datam
661 871 763 911 alibi
786 884 913 924 quam
947 870 991 909 in
1024 870 1150 909 domo
1181 870 1410 923 capitulari
1440 869 1630 909 ecclesiae

92 937 327 990 collegiatae
358 935 412 975 de
434 935 588 989 Ripon’
609 935 801 988 praedict.
825 934 891 974 vel
915 933 1078 987 aliquid
1101 934 1218 973 aliud
1241 948 1316 987 per
1338 947 1414 973 nos
1448 947 1523 973 seu
1554 947 1631 986 per

92 1014 351 1042 successores
373 1003 540 1039 nostros
563 1000 797 1054 allegatum
823 1013 898 1038 seu
919 998 1194 1052 allegandum
1216 998 1349 1038 fuerit
1370 999 1414 1037 in
1431 1011 1632 1038 exonera-

92 1067 257 1105 cionem
294 1064 519 1104 solucionis
552 1064 658 1104 dicti
691 1064 825 1103 annui
859 1063 1052 1102 redditus
1087 1063 1236 1103 decem
1269 1077 1522 1113 marcarum,
1556 1075 1632 1101 seu

93 1129 275 1182 alicujus
311 1128 506 1182 parcellae
540 1142 761 1182 poenarum
791 1128 1106 1181 praedictarum,
1144 1127 1259 1180 quod
1286 1141 1468 1167 vacuum
1497 1128 1553 1167 sit
1590 1131 1633 1166 et.

95 1193 257 1234 nullius
279 1193 450 1247 vigoris.
511 1193 568 1232 Et
591 1193 625 1232 si
640 1193 880 1246 contingat,
902 1192 1015 1245 quod
1037 1191 1163 1241 absit,
1185 1206 1261 1231 nos
1284 1193 1420 1232 dictos
1443 1192 1631 1231 Priorem

96 1262 141 1297 et
162 1260 435 1306 conventum,
457 1257 525 1296 vel
555 1270 814 1296 successores
842 1260 1024 1307 nostros,
1047 1256 1114 1295 vel
1143 1255 1307 1309 aliquos
1340 1259 1533 1295 nostrum
1563 1255 1635 1295 de—

95 1322 277 1361 fecerint
298 1319 403 1376 (sic)
424 1321 469 1360 in
492 1321 708 1360 solucione
729 1320 923 1374 praedicti
948 1321 1081 1359 annui
1113 1320 1309 1359 redditus
1341 1320 1490 1359 decem
1523 1333 1635 1358 mar-

96 1399 257 1436 carum,
290 1384 358 1425 vel
399 1385 581 1439 alicujus
622 1385 818 1438 parcellae
856 1383 1052 1437 ejusdem
1089 1384 1142 1423 ad
1178 1383 1287 1424 festa
1325 1384 1529 1437 praedicta
1561 1397 1635 1436 per

97 1451 286 1504 quinque
319 1449 581 1502 septimanas
606 1451 704 1502 post
724 1449 887 1502 aliquid
909 1448 1070 1488 festum
1092 1449 1468 1501 praenominatum,
1493 1461 1568 1487 seu
1590 1448 1636 1486 in

99 1514 314 1554 solucione
337 1513 378 1552 xl
411 1513 642 1553 solidorum
665 1514 839 1553 nomine
861 1526 998 1566 poenae
1026 1526 1337 1562 concessorum,
1358 1516 1434 1552 aut
1455 1513 1500 1552 in
1523 1512 1637 1551 solu-

98 1579 217 1618 cione
239 1578 452 1618 dictarum
475 1578 664 1631 quinque
686 1591 927 1617 marcarum
949 1577 1116 1616 racione
1133 1577 1407 1630 allegacionis
1424 1576 1638 1630 praedictae

99 1642 143 1681 in
174 1641 310 1681 forma
340 1641 642 1694 praedictarum
673 1654 983 1690 concessarum,
1016 1641 1130 1693 quod
1165 1644 1322 1679 extunc
1353 1640 1460 1680 bene
1490 1639 1638 1679 liceret

100 1705 276 1760 praefato
304 1705 492 1758 capitulo
524 1706 716 1746 ecclcsiae
747 1705 985 1759 collegiatae
1019 1705 1232 1758 praedictae
1258 1708 1302 1744 et
1325 1703 1640 1744 successoribus

103 1771 205 1820 suis,
227 1770 416 1810 manerio
438 1772 584 1810 nostro
612 1770 664 1810 de
697 1769 939 1810 Ledeston¹
974 1769 1020 1808 in
1048 1768 1329 1822 VVestryding
1354 1769 1399 1808 in
1428 1769 1640 1808 comitatu

101 1834 226 1874 Ebor.
248 1847 346 1874 cum
369 1834 648 1887 pertinenciis
672 1835 772 1885 suis,
795 1837 840 1874 et
861 1834 906 1873 in
929 1832 1169 1887 quamlibet
1190 1832 1420 1885 parcellam
1443 1831 1640 1885 ejusdem

101 1899 262 1938 intrare
285 1901 330 1938 et
350 1898 397 1937 in
419 1898 570 1938 eodem
594 1902 639 1939 et
660 1898 705 1938 in
727 1897 921 1951 qualibet
942 1896 1125 1951 parcella
1148 1896 1343 1950 ejusdem
1365 1896 1640 1950 distringere,

104 1966 148 2002 et
178 1962 468 2002 districciones
502 1963 560 2002 sic
591 1966 737 2016 captas
768 1962 994 2011 abducere,
1027 1960 1233 2014 effugare,
1265 1964 1311 2000 et
1341 1963 1573 2014 asportare,
1598 1964 1641 1999 et

103 2040 234 2080 penes
267 2040 310 2066 se
339 2027 541 2077 retinere,
563 2040 785 2080 quousque
808 2026 860 2066 de
889 2025 1156 2080 ar(er)ragiis
1179 2025 1370 2078 praedicti
1392 2025 1525 2064 annui
1546 2024 1642 2063 red-

104 2091 220 2131 ditus
241 2090 391 2130 decem
412 2104 668 2142 marcarum,
686 2096 731 2131 et
752 2091 805 2131 de
827 2091 944 2131 dicta
965 2103 1134 2130 summa
1156 2089 1197 2128 xl
1215 2089 1449 2129 solidorum
1466 2089 1643 2128 nomine

104 2167 240 2208 poenae
270 2168 582 2205 concessorum,
618 2158 695 2195 aut
726 2155 771 2194 in
805 2155 1023 2194 solucione
1055 2154 1271 2193 dictarum
1305 2153 1498 2206 quinque
1530 2165 1643 2191 mar-

106 2232 252 2258 earum
292 2218 553 2273 allegacione
595 2220 797 2273 praedicta
839 2220 882 2258 in
926 2218 1060 2259 forma
1102 2218 1305 2271 praedicta
1346 2229 1644 2256 concessarum

107 2282 296 2334 plenarie
326 2281 458 2323 fuerit
489 2283 756 2323 satisfactum
780 2287 825 2323 et
845 2282 1112 2336 persolutum
1135 2281 1187 2321 ad
1209 2281 1342 2320 altare
1372 2280 1644 2334 praedictum,

109 2346 200 2386 sine
221 2346 381 2387 clameo
394 2347 461 2387 vel
482 2348 742 2401 inpeticione
765 2351 1009 2387 nostrorum
1032 2346 1137 2385 dicti
1161 2346 1318 2385 Prioris
1341 2348 1387 2384 et
1408 2348 1645 2384 conventus

109 2413 154 2449 et
176 2423 463 2450 successorum
486 2415 729 2451 nostrorum
752 2412 1089 2464 imperpetuum.

197 2474 255 2513 Et
287 2474 399 2528 quod
438 2475 472 2514 si
507 2475 760 2528 praedictum
802 2474 1041 2528 capitulum
1084 2473 1272 2513 ecolesiae
1314 2472 1550 2527 collegiatae
1592 2471 1645 2511 de

112 2537 275 2591 Ripon‘‚
292 2552 366 2579 seu
384 2552 642 2579 successores
659 2540 738 2589 sui,
753 2539 967 2579 voluerint
981 2540 1026 2578 in
1041 2537 1239 2578 futurum
1253 2537 1410 2577 habere
1424 2535 1644 2590 praefatam

111 2605 272 2641 cartam
292 2608 539 2643 renovatam
563 2607 607 2643 et
628 2603 680 2642 de
702 2616 812 2643 novo
835 2603 1081 2657 sigillatam,
1096 2606 1268 2656 propter
1289 2601 1562 2641 debilitatem
1580 2599 1647 2640 vel

112 2664 298 2718 aliquam
321 2680 492 2707 causam
514 2667 815 2707 racionabilem
839 2681 915 2707 seu
937 2667 1218 2707 necessariam
1240 2677 1558 2718 quamcunque,
1571 2677 1647 2703 nos

188 2774 244 2817 (l)
271 2775 445 2809 Ledeston
477 2777 506 2809 is
529 2788 594 2809 one
622 2776 662 2810 of
683 2776 744 2810 the
772 2776 888 2822 places
917 2776 1067 2821 granted
1097 2775 1131 2808 in
1163 2775 1224 2808 the
1251 2773 1464 2808 foundation
1494 2773 1647 2815 charter,

117 2825 235 2859 which
259 2825 288 2860 is
313 2826 451 2872 printed
477 2828 513 2861 in
532 2828 592 2862 the
610 2828 843 2871 Monaeficon,
864 2828 966 2869 1825,
987 2828 1030 2861 V.
1053 2828 1140 2871 1203
1172 2827 1274 2862 1655.
1302 2826 1430 2860 1.648.
1481 2825 1548 2860 See
1575 2824 1648 2859 also

119 2876 261 2923 Kirby’s
278 2878 434 2924 Inquest‚
453 2891 484 2925 p.
505 2880 584 2915 209.

1666 613 1839 652 Anything

1667 653 1789 690 alleged
1804 654 1836 682 in

1666 701 1781 721 excuse
1797 697 1829 721 to

1667 731 1703 760 bc
1720 731 1785 760 null
1803 731 1865 760 and

1667 772 1749 800 void.

1671 1197 1782 1226 Power
1797 1201 1830 1227 to

1671 1237 1806 1266 distrain
1821 1245 1862 1265 on

1672 1277 1726 1305 the
1742 1276 1771 1304 M
1779 1284 1857 1304 auor

1670 1316 1704 1344 of
1717 1315 1827 1344 Leues-

1672 1361 1736 1384 ton.

1680 2475 1747 2505 The
1763 2474 1866 2512 Chap-

1681 2518 1728 2544 ter
1743 2523 1817 2552 may

1682 2554 1762 2582 have
1777 2555 1831 2582 the

1682 2593 1808 2622 chartei·

1682 2631 1833 2661 reuewed.
