1935 3151
561 156 788 190 ORIGINAL
824 155 1114 190 DOCUMENTS.

75 268 216 309 missis
238 268 391 309 melius
416 269 513 309 sciri
535 270 696 323 poterit
718 273 763 310 et
782 269 957 322 inquiri.
1018 268 1071 308 In
1089 267 1211 323 cujus
1232 269 1294 308 rei
1310 268 1610 309 testimonium

74 323 149 371 has
171 332 317 372 literas
340 336 506 373 nostras
528 333 619 373 fieri
641 333 822 373 fecimus
853 335 1066 386 patentes.
1128 333 1255 373 Teste
1287 346 1358 372 me
1383 333 1475 386 ipso
1496 331 1610 385 apud

72 395 520 448 VVestmonasterium,
541 411 596 437 xv
617 398 686 437 die
710 397 990 451 SeptembriS,
1012 410 1124 437 anno
1140 399 1263 452 regni
1283 397 1419 437 nostri
1441 396 1609 450 Angliae

73 460 276 501 vicesimo
299 465 432 512 sexto,
454 462 575 516 regni
598 475 698 502 vero
719 462 856 502 nostri
879 462 1068 501 Franciae
1090 461 1403 502 terciodecimo.

1302 524 1548 565 BURsrALL.

160 587 399 642 Inquisicio
421 592 544 643 capta
573 589 687 643 apud
711 588 934 643 Hospitale
958 588 1126 630 Sanctae
1158 589 1306 629 Mariae
1338 588 1607 642 Magdalenae

72 651 124 692 de
157 652 336 707 Rypon',
359 654 428 693 die
450 654 585 693 Lunae
616 654 807 708 proxime
839 656 935 706 post
968 653 1149 694 Octabas
1182 653 1328 694 Sancti
1359 652 1540 692 Martini
1560 651 1607 691 in

69 729 209 769 yeme,
231 731 342 757 anno
363 718 487 772 regni
510 718 640 771 Regis
670 717 865 758 Edwardi
895 717 1020 757 tercii
1051 721 1148 771 post
1179 720 1474 771 conquaestum
1496 717 1607 756 vice-

71 780 179 820 simo
201 785 334 831 sexto,
356 795 432 835 per
453 782 707 836 magistrmn
728 781 866 822 Adam
881 781 934 821 de
951 781 1284 835 Twyselyngton
1302 784 1346 821 et
1368 780 1606 821 Robertum

69 843 122 883 de
144 844 428 895 Middelham,
451 846 690 899 assignatos
712 859 789 898 per
810 845 1154 885 commissionem
1176 845 1340 885 domini
1357 844 1488 898 Regis
1503 842 1605 883 huic

67 908 344 961 inquisicioni
384 913 625 960 consutam,
668 910 722 949 ad
770 909 1133 962 supervidendum
1177 912 1340 949 statum
1380 907 1606 962 hospitalis

68 973 275 1025 praedicti,
309 987 357 1013 ac
392 973 629 1024 custodem,
665 973 832 1024 fratres,
871 976 916 1013 et
953 987 1113 1013 sorores
1150 972 1344 1027 ejusdem
1380 971 1605 1026 hospitalis

68 1037 268 1078 visitand.
302 1040 348 1077 et
381 1037 433 1077 de
469 1040 587 1077 statu
621 1040 666 1077 et
701 1037 941 1077 defectibus
973 1037 1079 1077 dicti
1112 1036 1352 1091 hospitalis,
1386 1050 1434 1076 ac
1475 1040 1604 1090 gestu

68 1099 267 1141 Custodis
309 1101 504 1155 ejusdem
544 1101 792 1155 inquirendi
833 1115 909 1155 per
941 1105 1256 1142 sacramentum
1297 1100 1509 1142 Johannis
1551 1100 1604 1140 de

68 1163 286 1215 Shirwod’‚
326 1165 498 1205 Ricardi
539 1165 592 1206 de
636 1166 789 1216 Stowe,
832 1165 1005 1205 Ricardi
1037 1165 1254 1216 Hosteler,
1296 1164 1506 1206 Johannis
1549 1164 1602 1204 de

69 1228 271 1280 Ilketon',
312 1230 520 1269 willelmi·
562 1230 769 1280 Licester,
810 1229 1021 1270 willelmi
1071 1230 1126 1270 de
1178 1228 1358 1283 Snayth,
1404 1229 1604 1282 Symonis

66 1292 241 1333 Fissher
266 1294 320 1334 de
351 1294 523 1347 Neuby‚
555 1292 765 1334 Johannis
798 1292 998 1345 Bluther,
1029 1292 1240 1334 Johannis
1273 1292 1472 1344 Frankis,
1494 1292 1603 1331 Wil-

65 1356 185 1397 lelmi
208 1357 380 1398 Colstan
402 1358 454 1398 de
471 1356 640 1411 Thorp',
656 1358 834 1398 Roberti
847 1358 901 1398 de
915 1357 956 1397 N
959 1356 1307 1411 unwykthornes,
1325 1360 1371 1398 et
1391 1357 1418 1399 J
1422 1355 1602 1396 ohannis

64 1421 118 1462 de
139 1421 180 1461 N
182 1421 330 1462 orton'.
393 1422 476 1470 Qui
498 1422 650 1462 dicunt
673 1436 798 1476 super
820 1425 1135 1462 sacramentum
1157 1436 1284 1463 suum
1315 1421 1429 1475 quod
1450 1420 1603 1461 funda-

64 1486 231 1526 cionem
273 1486 379 1526 dicti
419 1485 645 1540 hospitalis
685 1487 732 1526 in
775 1487 944 1540 scriptis
986 1500 1233 1540 nuncquam
1276 1487 1492 1536 viderunt,
1537 1489 1602 1526 set

63 1550 292 1590 audierunt
327 1551 379 1591 de
413 1551 756 1591 antecessoribus
790 1553 835 1591 et
872 1551 1109 1591 senioribus
1147 1551 1250 1602 suis,
1287 1550 1403 1605 quod
1435 1550 1602 1590 dictum

63 1612 275 1668 hospitale
297 1614 529 1655 fundatum
549 1614 636 1655 fuit
656 1628 731 1668 pro
765 1615 1084 1655 sustentacione
1115 1614 1301 1655 fratrum
1333 1617 1378 1655 et
1410 1627 1601 1654 sororum

63 1678 275 1718 debilium
296 1692 320 1718 a
340 1677 598 1730 Thurstano,
620 1679 835 1732 quondam
856 1677 1185 1733 Archiepiscopo
1207 1679 1335 1719 Ebor.
1374 1679 1431 1718 Et
1448 1678 1600 1718 dieunt

62 1742 175 1794 quod
211 1747 372 1796 postea,
403 1746 597 1796 tempore
638 1743 692 1783 de
733 1756 818 1796 quo
858 1755 945 1783 non
986 1744 1196 1794 recolunt,
1237 1742 1452 1783 ordinacio
1494 1742 1601 1782 dicti

61 1803 287 1859 hospitalis
318 1810 487 1846 mutata
512 1806 611 1858 fuit,
634 1806 837 1847 videlicet
869 1807 982 1861 quod
1003 1807 1095 1848 loco
1126 1806 1308 1847 fratrum
1340 1810 1385 1847 et
1408 1819 1599 1846 sororum

61 1873 205 1909 essent
226 1870 389 1910 ibidem
421 1869 572 1911 Custos
606 1873 651 1910 et
672 1870 894 1924 capellani,
917 1871 1119 1911 videlicet
1139 1883 1252 1911 unus
1274 1885 1349 1924 pro
1371 1869 1477 1910 dicti
1499 1868 1598 1909 hos-

58 1934 205 1986 pitalis
237 1935 363 1976 terris
395 1938 441 1974 et
462 1934 705 1975 redditibus
739 1935 818 1975 sibi
849 1934 1159 1988 adjacentibus,
1182 1937 1226 1975 et
1247 1935 1357 1975 alter
1378 1948 1454 1988 pro
1475 1936 1598 1973 tene-

58 1997 218 2038 mentis
250 1999 295 2038 in
326 1997 553 2048 Mulwath,
575 2002 620 2038 et
641 1998 801 2039 tercius
832 2011 908 2053 pro
930 2002 1170 2039 tenement.
1199 1999 1244 2038 in
1267 1996 1468 2049 Ilketon'‚
1491 2000 1537 2037 et
1560 1998 1595 2038 si

58 2059 210 2101 Custos
232 2062 337 2103 dicti
359 2061 583 2116 hospitalis
605 2062 849 2116 capellanus
872 2066 1000 2113 esset,
1022 2062 1234 2103 celebrare
1255 2063 1392 2116 possit
1413 2074 1489 2114 pro
1507 2074 1595 2101 uno

56 2125 190 2165 trium
220 2126 534 2179 praedictorum.
596 2126 713 2167 Item
744 2139 819 2180 pro
847 2127 1112 2167 tenementis
1134 2127 1187 2167 de
1209 2139 1318 2166 novo
1340 2124 1594 2179 adquaesitis

55 2189 102 2228 in
136 2189 335 2243 Stodlaye
366 2191 419 2230 de
451 2189 647 2231 ,Iohanne
679 2190 927 2244 XVarayner,
963 2193 1140 2231 tenetur
1172 2189 1325 2232 Custos
1361 2189 1593 2243 praedictus

55 2252 247 2295 invenire
269 2257 357 2295 tres
379 2254 619 2308 capellanos
653 2254 833 2309 singulis
865 2253 1016 2295 diebus
1044 2254 1308 2295 celebrantes
1331 2252 1494 2293 ibidem
1516 2266 1593 2305 pro

57 2317 172 2358 dicto
199 2317 396 2359 Johanne
416 2319 650 2372 VVarayner
680 2322 725 2359 et
755 2319 866 2359 aliis.
928 2318 986 2358 Et
1016 2319 1140 2359 modo
1172 2332 1258 2358 non
1291 2321 1393 2358 sunt
1414 2317 1476 2357 ibi
1507 2316 1592 2356 nisi

55 2384 143 2421 tres
175 2382 382 2436 capellani
413 2385 456 2423 et
486 2383 579 2436 ipse
609 2382 760 2424 Custos
792 2385 984 2436 quartus,
1014 2383 1088 2436 qui
1119 2387 1266 2423 tamen
1296 2395 1383 2422 non
1405 2380 1589 2421 celebrat

56 2446 169 2499 quod
206 2447 342 2486 sciant
383 2447 489 2487 dicti
524 2446 675 2500 jurati.
748 2446 862 2486 Item
903 2446 1055 2486 dicunt
1096 2446 1209 2500 quod
1251 2445 1392 2487 dictus
1436 2444 1588 2486 Custos

53 2511 228 2550 tenetur
247 2511 436 2563 recipere
451 2524 598 2550 omnes
612 2510 800 2563 leprosos
823 2514 946 2550 natos
960 2509 1070 2550 infra
1083 2510 1331 2551 libertatem
1354 2508 1519 2563 Rypon'
1542 2512 1588 2548 et

54 2585 124 2612 eos
156 2572 369 2627 hospitare
401 2574 447 2614 in
478 2573 682 2627 hospitali
712 2574 930 2627 praedicto,
959 2588 1034 2627 pro
1066 2575 1223 2628 quibus
1255 2574 1478 2614 {edifficata
1498 2571 1585 2612 fuit

53 2638 249 2689 quaedam
294 2638 447 2678 domus
498 2638 543 2678 in
585 2636 790 2690 hospitali
841 2638 1056 2691 praedicto,
1098 2653 1192 2692 quae
1234 2642 1427 2691 tempore
1468 2649 1585 2676 nunc

53 2699 251 2742 Custodis
291 2705 503 2755 prostrata
545 2702 624 2742 est.
698 2701 814 2741 Item
850 2702 967 2743 idem
1000 2702 1153 2743 Custos
1184 2706 1360 2742 tenetur
1395 2700 1583 2753 recipere

1750 141 1843 189 235

1641 858 1830 896 missioners.

1640 1101 1659 1132 J
1663 1111 1733 1141 ury.

1636 1419 1798 1450 Evidence

1636 1460 1690 1497 ofj
1699 1469 1769 1498 ury,

1637 1508 1671 1529 ns
1687 1504 1720 1529 to

1636 1612 1793 1651 Founder,

1632 1872 1756 1909 Keeper
1768 1873 1835 1901 and

1631 1912 1809 1950 chaplains,

1622 2512 1748 2552 Lepers,

53 2765 243 2819 singulos
279 2766 517 2820 capellanos
558 2778 686 2805 caecos
723 2766 776 2805 de
810 2765 959 2806 eadem
995 2766 1194 2807 libertate
1235 2769 1372 2815 natos,
1408 2768 1452 2804 et
1486 2764 1582 2805 illos
1617 2767 1715 2798 Blind

51 2826 265 2882 hospitare
297 2830 344 2869 in
373 2828 575 2883 hospitali
605 2829 822 2882 praedicto,
858 2830 998 2871 dando
1034 2830 1214 2871 cuilibet
1245 2829 1462 2883 capellano
1495 2828 1583 2868 sin-

51 2892 165 2945 gulis
198 2893 448 2946 septimanis
481 2896 647 2947 septem
688 2893 883 2934 denarios
915 2899 959 2935 et
982 2908 1119 2935 unum
1151 2894 1473 2949 garnimentum
1506 2906 1581 2946 per

1618 2807 1793 2846 chuplains.
