1915 3068
52 153 115 199 34

50 289 167 319 Inroad

49 337 88 357 on
106 329 158 358 the

49 367 192 406 Liber-ty,

50 415 117 436 ΑΛ).
134 409 221 438 1106.

46 1079 108 1108 San
113 1081 226 1119 ctuary

45 1119 79 1148 of
92 1119 185 1150 York.

35 2236 148 2266 Trans-

36 2276 158 2306 fercnce
173 2277 206 2307 os

36 2316 186 2354 refugees.

766 169 1042 204 MEMORIALS
1077 171 1136 204 OF
1172 171 1331 205 RIPON.

373 279 579 322 Voluerat
593 281 800 323 Osbertus
817 283 1051 323 vicecomes
1065 283 1344 324 Eboracensis
1358 284 1445 324 vim
1458 284 1610 324 tulisse
1623 284 1817 325 libertati

285 342 487 396 Ripensis
518 346 708 386 ecclesiae
739 361 852 387 anno
883 348 1058 387 Domini
1087 358 1208 399 MCVI,
1241 349 1316 388 sed
1338 348 1555 389 Ger-ardus
1586 347 1818 402 archiepis-

284 421 413 460 copus
435 423 527 449 rem
547 411 641 464 regi
662 411 846 460 detulit3
878 415 1094 452 venerunt
1114 412 1263 466 igitur,
1284 426 1309 452 a
1329 426 1431 467 rege
1451 412 1588 463 missi,
1602 413 1816 453 Robertus

284 472 506 526 episcopus
524 474 718 515 Lincoln.
733 474 986 529 Radulphus
1001 475 1166 527 Basset,
1183 476 1401 517 Galfridus
1416 475 1817 530 Ridel,Radulphus

282 535 323 575 16
344 536 607 590 Meschines,
628 543 673 579 et
693 539 850 580 Petrus
880 540 933 580 de
955 540 1162 592 Valoniis,
1185 541 1259 594 qui
1281 555 1452 581 causam
1473 541 1750 592 ventilarent,
1773 543 1817 581 et

281 600 457 641 tandem
473 601 574 656 jura
594 603 785 644 Wilfridi
806 603 942 645 libera
963 618 1056 644 esse
1079 608 1343 646 statuerunt.

371 665 573 707 Habeant
593 681 742 708 omnes
764 682 914 721 pacem
935 669 981 708 in
1002 669 1114 709 festo
1135 669 1257 709 Petri
1279 672 1325 710 et
1354 669 1649 721 Pentecostes,
1672 668 1815 709 eundo

281 731 327 769 et
347 730 570 772 redeundo
591 731 644 772 ad
667 733 892 773 ecclesiam
914 733 1163 787 Ripensem.

280 862 425 897 LITERA
456 863 644 899 CAPITULI
678 865 872 900 Eccmsm
904 865 1027 900 Bnffl
1059 866 1182 901 PETRI
1216 867 1333 901 EBOR.
1367 876 1416 900 DE
1448 866 1730 900 LIBERTATIBUS
1771 875 1816 899 Er

487 917 847 953 CONSUETUDINIBUS
870 928 1041 954 EJUSDEM
1066 920 1263 954 Eccmsrffl
1288 929 1333 953 Er
1359 919 1599 953 Summa}

590 997 713 1043 (From
734 998 795 1033 the
813 999 918 1033 Liber
935 1000 1050 1034 Albus
1067 999 1107 1034 of
1121 999 1336 1044 Southwell,
1355 999 1413 1034 fol.
1434 999 1509 1044 19.)

369 1072 415 1113 Si
437 1074 533 1127 quis
555 1072 769 1114 homicida
799 1075 866 1114 vel
888 1075 958 1115 fur
989 1076 1057 1116 vel
1088 1077 1335 1116 criminator
1366 1075 1435 1115 vel
1457 1075 1554 1115 exul
1575 1074 1738 1129 fugerit
1759 1074 1812 1114 ad

279 1137 504 1177 ecclesiam
527 1137 675 1178 Sancti
696 1139 816 1179 Petri
839 1153 915 1192 pro
947 1140 1195 1180 defensione
1218 1141 1317 1180 vitae
1345 1153 1431 1180 suae
1453 1142 1499 1179 et
1519 1139 1812 1179 membrorum

280 1214 454 1241 suorum
475 1216 551 1255 per
573 1204 762 1256 spacium
783 1218 864 1243 xxx
886 1204 1069 1254 dierum,
1090 1205 1151 1245 ibi
1173 1218 1321 1258 pacem
1342 1202 1532 1243 habebit.

368 1265 489 1314 Quod
513 1267 548 1305 si
570 1266 680 1307 infra
702 1266 781 1307 hoc
813 1268 1003 1321 spacium
1025 1283 1112 1309 non
1138 1269 1328 1322 potuerit
1349 1267 1569 1321 pacificare
1590 1266 1810 1307 hominem

278 1343 377 1369 cum
398 1329 484 1369 illis
506 1344 606 1370 cum
629 1332 784 1385 quibus
815 1333 928 1372 male
961 1334 1098 1388 egerit
1128 1333 1240 1373 infra
1270 1333 1366 1372 illos
1387 1346 1469 1372 xxx
1490 1332 1594 1383 dies,
1616 1332 1810 1385 poterint

277 1392 421 1433 clerici
436 1394 561 1433 illum
575 1395 730 1435 ducere
747 1409 1017 1450 quocumque
1030 1397 1227 1437 melefact
1234 1411 1355 1437 orum
1369 1394 1475 1452 (sic)
1489 1396 1810 1451 elegerit,vide-

276 1457 379 1497 licet
395 1458 447 1497 ad
469 1473 550 1498 xm(
566 1459 716 1514 leugas
732 1474 832 1500 cum
849 1461 992 1515 aliquo
1009 1459 1183 1517 (siquo)
1199 1462 1315 1516 pacis
1333 1461 1520 1502 ecclesiae
1538 1465 1583 1501 et
1599 1461 1809 1514 reliquiis,

277 1525 322 1562 et
344 1523 418 1575 qui
440 1522 617 1577 fregerit
638 1538 787 1577 pacem
810 1539 936 1579 super
957 1526 1053 1566 illos
1075 1525 1187 1566 infra
1206 1527 1461 1580 praedictum
1484 1526 1689 1579 spacium,
1710 1538 1809 1564 reus

276 1587 360 1626 erit
390 1587 504 1640 pacis
537 1588 725 1628 ecclesiae
756 1588 915 1640 fractae,
947 1590 1151 1631 videlicet
1177 1591 1194 1644 j
1229 1589 1466 1641 hundreth,
1498 1593 1543 1629 et
1573 1588 1652 1629 hoc
1682 1589 1808 1629 modo

274 1653 481 1702 poterunt
521 1651 647 1691 illum
684 1651 839 1693 ducere
876 1654 1002 1694 illum
1037 1654 1357 1695 malefactorem
1393 1654 1534 1695 tribus
1564 1653 1730 1694 vicibus
1762 1655 1806 1693 et

273 1714 491 1756 reducere.

363 1778 407 1819 Si
429 1793 529 1820 vero
550 1780 705 1834 aliquis
727 1781 841 1822 inter
861 1783 993 1824 malos
1025 1785 1212 1824 existens
1244 1783 1454 1824 consortia
1473 1783 1646 1823 illorum
1668 1782 1805 1822 vitare

271 1843 471 1894 voluerit,
486 1847 531 1884 et
546 1845 599 1884 ad
617 1845 839 1886 ecclesiam
855 1846 1001 1888 Sancti
1020 1848 1140 1888 Petri
1156 1849 1337 1899 venerit,
1354 1848 1502 1888 volens
1518 1847 1579 1886 ibi
1596 1846 1805 1886 libencius

270 1907 317 1947 in
338 1922 440 1961 pace
462 1909 604 1949 vivere
631 1924 760 1963 quam
781 1912 896 1952 inter
916 1913 1164 1953 criminosos
1185 1912 1394 1963 habitare,
1418 1926 1469 1952 ex
1490 1912 1804 1952 consuetudine

271 1972 460 2013 ecclesiae
492 1987 621 2027 quam
643 1975 720 2014 diu
741 1976 926 2016 voluerit
957 1977 1019 2017 ibi
1050 1978 1096 2017 in
1127 1991 1231 2031 pace
1263 1991 1355 2017 esse
1386 1976 1560 2030 poterit.
1623 1975 1746 2023 Quod
1769 1975 1805 2015 si

270 2036 499 2089 aliquando
530 2051 581 2077 ex
612 2039 872 2080 necessitate
903 2041 1084 2096 ingente
1106 2042 1207 2082 inde
1239 2041 1458 2081 discedere
1480 2039 1680 2090 voluerit,
1702 2052 1803 2079 con-

270 2100 450 2140 ductum
472 2102 775 2142 canonicorum
803 2117 902 2144 cum
934 2106 1057 2159 signo
1088 2107 1203 2159 pacis
1235 2105 1424 2146 eeclesiae
1446 2103 1621 2158 pacifice
1642 2103 1804 2156 poterit

268 2166 332 2206 ire
363 2166 416 2206 ad
437 2167 623 2206 vicinam
655 2168 879 2208 ecclesiam
912 2170 1099 2210 similem
1129 2171 1377 2211 libertatem
1407 2170 1522 2223 pacis
1553 2167 1802 2219 habentem,

268 2230 472 2270 videlicet
492 2231 545 2270 ad
568 2231 792 2272 ecclesiam
816 2232 939 2273 Beati
961 2233 989 2274 J
991 2233 1171 2274 ohannis
1192 2235 1237 2274 in
1253 2234 1495 2283 Beverlaco,
1509 2233 1561 2273 ad
1578 2232 1801 2272 ecclesiam

269 2294 394 2334 Beati
415 2294 605 2334 Wilfridi
626 2296 670 2334 in
693 2295 854 2349 Ripun,
876 2300 921 2337 et
953 2297 1077 2339 Beati
1099 2298 1329 2339 Cuthberti
1350 2299 1396 2337 in
1419 2296 1648 2347 Dunelmo,
1671 2299 1716 2336 et
1746 2297 1799 2337 ad

341 2407 396 2450 (1)
424 2406 499 2440 The
524 2406 632 2441 letter
657 2408 782 2442 recites
808 2409 869 2443 the
886 2413 1044 2444 customs
1070 2410 1140 2445 and
1157 2409 1312 2444 liberties
1329 2409 1432 2454 given
1458 2412 1496 2442 to
1513 2408 1575 2442 the
1593 2406 1738 2441 Ohurch
1763 2406 1804 2441 of

267 2459 368 2493 York
395 2458 443 2504 by
470 2459 568 2504 King
593 2460 720 2507 Henry
746 2462 775 2495 Ι.
803 2461 839 2495 in
867 2463 969 2497 1106.
1020 2463 1095 2498 The
1119 2463 1223 2498 lands
1248 2463 1288 2497 of
1314 2462 1375 2496 the
1401 2461 1574 2508 prebends
1599 2471 1691 2494 were
1715 2459 1797 2494 free.

266 2511 305 2545 If
317 2523 388 2557 any
405 2523 470 2545 one
495 2512 577 2546 take
603 2524 623 2546 a
639 2513 801 2548 criminal
828 2514 942 2549 ‘infra
961 2515 1092 2550 atrium
1119 2516 1288 2559 ecclesiae,
1306 2514 1341 2561 vj
1361 2513 1566 2548 hundredth
1583 2511 1797 2546 emendabit.

266 2563 305 2597 Si
324 2575 406 2598 vero
432 2563 524 2598 infra
548 2565 745 2610 ecclesiam,
761 2565 809 2613 xij
830 2566 1046 2602 hundredth.
1097 2569 1199 2603 Infra
1216 2569 1376 2611 chorum,
1393 2566 1479 2613 xviij
1499 2564 1712 2600 hundredth.
1754 2564 1797 2597 In

266 2616 470 2650 hundrcdth
489 2628 549 2650 sex
570 2616 660 2658 (viii.
680 2617 716 2651 in
741 2629 761 2651 a
784 2629 875 2664 copy
894 2624 930 2653 at
948 2620 1064 2665 York)
1084 2620 1184 2655 librae
1211 2620 1448 2655 continentur.
1501 2617 1539 2652 Si
1564 2617 1600 2651 in
1625 2615 1798 2651 cathedra

265 2667 403 2713 lapidea
425 2668 535 2713 juxta
556 2669 666 2703 altare
692 2670 787 2716 quod
813 2671 925 2716 Angli
954 2677 1085 2707 vocant
1110 2673 1259 2717 fricstol‚
1287 2699 1294 2707 .
1322 2698 1329 2706 .
1358 2670 1515 2705 botoles.'
1567 2669 1642 2703 The
1666 2678 1797 2702 canons

267 2732 323 2754 are
341 2725 379 2755 to
397 2722 525 2756 amend
543 2721 628 2765 him,
648 2726 707 2756 not
730 2723 790 2756 1116
809 2723 1030 2770 archbishop.
1082 2725 1157 2759 The
1175 2737 1307 2759 canons
1324 2724 1364 2757 of
1390 2723 1443 2757 St.
1462 2723 1569 2756 Peter
1595 2733 1654 2755 are
1679 2720 1795 2755 called

264 2773 440 2807 ‘familias
489 2774 563 2808 The
582 2775 699 2808 whole
715 2776 907 2810 document
931 2777 959 2811 is
984 2777 1108 2812 fullos
1129 2778 1285 2817 interest,
1310 2777 1376 2811 bnt
1402 2776 1461 2810 the
1486 2773 1626 2821 portion
1652 2772 1793 2819 printed

264 2826 298 2858 in
324 2825 385 2858 the
411 2829 489 2859 text
516 2838 627 2860 seems
653 2828 841 2874 especially
859 2841 896 2863 so
921 2829 953 2863 in
977 2831 1182 2864 connection
1203 2831 1290 2864 with
1312 2829 1442 2875 Ripon.
1492 2827 1567 2861 The
1593 2824 1794 2860 frithstools

264 2877 397 2910 romain
424 2882 460 2911 at
478 2878 651 2925 Beverloy
668 2881 738 2914 and
758 2881 938 2925 Hoxham,
962 2883 1088 2917 movcd
1114 2883 1204 2917 from
1232 2882 1324 2917 their
1349 2893 1475 2928 proper
1499 2880 1625 2926 places.
1676 2878 1792 2912 Tho-58

262 2929 303 2962 of
327 2929 436 2973 York,
458 2929 591 2976 Ripsm,
612 2933 680 2967 and
700 2933 860 2968 Durham
881 2934 971 2970 have
991 2935 1074 2979 long
1091 2935 1333 2981 disapfeared.
