<?xml version="1.0" encoding="UTF-8"?>
<!DOCTYPE html PUBLIC "-//W3C//DTD XHTML 1.0 Transitional//EN"
    "http://www.w3.org/TR/xhtml1/DTD/xhtml1-transitional.dtd">
<html xmlns="http://www.w3.org/1999/xhtml" xml:lang="en" lang="en">
 <head>
  <title>
</title>
<meta http-equiv="Content-Type" content="text/html;charset=utf-8" />
  <meta name='ocr-system' content='tesseract 3.04.00' />
  <meta name='ocr-capabilities' content='ocr_page ocr_carea ocr_par ocr_line ocrx_word'/>
</head>
<body>
  <div class='ocr_page' id='page_1' title='image "./memorialsofchurc01fowl/memorialsofchurc01fowl_0269.png"; bbox 0 0 1935 3151; ppageno 0'>
   <div class='ocr_carea' id='block_1_1' title="bbox 608 143 1881 192">
    <p class='ocr_par' dir='ltr' id='par_1_1' title="bbox 608 143 1881 192">
     <span class='ocr_line' id='line_1_1' title="bbox 608 143 1881 192; baseline -0.003 0"><span class='ocrx_word' id='word_1_1' title='bbox 608 160 833 192; x_wconf 60' lang='lat' dir='ltr'>omnm-u„</span> <span class='ocrx_word' id='word_1_2' title='bbox 871 158 1155 191; x_wconf 62' lang='lat' dir='ltr'>lmuUMJcNTs.</span> <span class='ocrx_word' id='word_1_3' title='bbox 1789 144 1845 188; x_wconf 71' lang='lat'>24</span> <span class='ocrx_word' id='word_1_4' title='bbox 1856 143 1881 189; x_wconf 76' lang='lat'>5</span> 
     </span>
    </p>
   </div>
   <div class='ocr_carea' id='block_1_2' title="bbox 113 270 1649 583">
    <p class='ocr_par' dir='ltr' id='par_1_2' title="bbox 113 270 1649 453">
     <span class='ocr_line' id='line_1_2' title="bbox 114 270 1647 325; baseline -0.003 -14"><span class='ocrx_word' id='word_1_5' title='bbox 114 272 344 322; x_wconf 86' lang='lat' dir='ltr'>ordinatos,</span> <span class='ocrx_word' id='word_1_6' title='bbox 388 286 462 312; x_wconf 86' lang='lat' dir='ltr'>seu</span> <span class='ocrx_word' id='word_1_7' title='bbox 501 273 703 325; x_wconf 79' lang='lat' dir='ltr'>provisos,</span> <span class='ocrx_word' id='word_1_8' title='bbox 747 272 811 312; x_wconf 83' lang='lat' dir='ltr'>vel</span> <span class='ocrx_word' id='word_1_9' title='bbox 854 271 996 325; x_wconf 86' lang='lat' dir='ltr'>aliqua</span> <span class='ocrx_word' id='word_1_10' title='bbox 1038 270 1116 310; x_wconf 87' lang='lat' dir='ltr'>alia</span> <span class='ocrx_word' id='word_1_11' title='bbox 1163 284 1204 309; x_wconf 82' lang='lat' dir='ltr'>re</span> <span class='ocrx_word' id='word_1_12' title='bbox 1249 281 1518 322; x_wconf 71' lang='lat' dir='ltr'>quacumque</span> <span class='ocrx_word' id='word_1_13' title='bbox 1563 279 1647 306; x_wconf 82' lang='lat' dir='ltr'>nou</span> 
     </span>
     <span class='ocr_line' id='line_1_3' title="bbox 113 331 1649 390; baseline -0.005 -15"><span class='ocrx_word' id='word_1_14' title='bbox 113 336 328 376; x_wconf 82' lang='lat' dir='ltr'>obstante.</span> <span class='ocrx_word' id='word_1_15' title='bbox 395 337 440 375; x_wconf 87' lang='lat' dir='ltr'>In</span> <span class='ocrx_word' id='word_1_16' title='bbox 464 336 601 390; x_wconf 77' lang='lat' dir='ltr'>cujus,</span> <span class='ocrx_word' id='word_1_17' title='bbox 625 342 707 377; x_wconf 87' lang='lat' dir='ltr'>etc.</span> <span class='ocrx_word' id='word_1_18' title='bbox 769 337 896 376; x_wconf 87' lang='lat' dir='ltr'>Teste</span> <span class='ocrx_word' id='word_1_19' title='bbox 920 336 1038 389; x_wconf 85' lang='lat' dir='ltr'>Rege</span> <span class='ocrx_word' id='word_1_20' title='bbox 1061 334 1174 387; x_wconf 86' lang='lat' dir='ltr'>apud</span> <span class='ocrx_word' id='word_1_21' title='bbox 1198 331 1649 379; x_wconf 68' lang='lat' dir='ltr'>westmonasterium,</span> 
     </span>
     <span class='ocr_line' id='line_1_4' title="bbox 113 400 462 453; baseline -0.003 -13"><span class='ocrx_word' id='word_1_22' title='bbox 113 400 224 453; x_wconf 83' lang='lat' dir='ltr'>xxvij</span> <span class='ocrx_word' id='word_1_23' title='bbox 250 400 318 440; x_wconf 89' lang='lat' dir='ltr'>die</span> <span class='ocrx_word' id='word_1_24' title='bbox 340 400 462 441; x_wconf 83' lang='lat' dir='ltr'>Julii.</span> 
     </span>
    </p>

    <p class='ocr_par' dir='ltr' id='par_1_3' title="bbox 114 458 1647 583">
     <span class='ocr_line' id='line_1_5' title="bbox 202 458 1647 519; baseline -0.005 -15"><span class='ocrx_word' id='word_1_25' title='bbox 202 464 283 504; x_wconf 79' lang='lat' dir='ltr'>Per</span> <span class='ocrx_word' id='word_1_26' title='bbox 315 465 439 504; x_wconf 79' lang='lat' dir='ltr'>breve</span> <span class='ocrx_word' id='word_1_27' title='bbox 472 465 524 505; x_wconf 88' lang='lat' dir='ltr'>de</span> <span class='ocrx_word' id='word_1_28' title='bbox 556 466 720 519; x_wconf 85' lang='lat' dir='ltr'>privato</span> <span class='ocrx_word' id='word_1_29' title='bbox 753 464 894 519; x_wconf 85' lang='lat' dir='ltr'>sigillo</span> <span class='ocrx_word' id='word_1_30' title='bbox 926 470 969 503; x_wconf 85' lang='lat' dir='ltr'>et</span> <span class='ocrx_word' id='word_1_31' title='bbox 1001 464 1052 503; x_wconf 81' lang='lat' dir='ltr'>dc</span> <span class='ocrx_word' id='word_1_32' title='bbox 1077 464 1164 502; x_wconf 86' lang='lat' dir='ltr'>dat.</span> <span class='ocrx_word' id='word_1_33' title='bbox 1188 467 1284 511; x_wconf 59' lang='lat' dir='ltr'>etc„</span> <span class='ocrx_word' id='word_1_34' title='bbox 1307 466 1351 501; x_wconf 83' lang='lat' dir='ltr'>et</span> <span class='ocrx_word' id='word_1_35' title='bbox 1372 473 1447 514; x_wconf 92' lang='lat' dir='ltr'>pro</span> <span class='ocrx_word' id='word_1_36' title='bbox 1469 458 1647 499; x_wconf 86' lang='lat' dir='ltr'>dimidia</span> 
     </span>
     <span class='ocr_line' id='line_1_6' title="bbox 114 528 761 583; baseline 0.003 -17"><span class='ocrx_word' id='word_1_37' title='bbox 114 541 249 567; x_wconf 79' lang='lat' dir='ltr'>marca</span> <span class='ocrx_word' id='word_1_38' title='bbox 276 528 412 568; x_wconf 88' lang='lat' dir='ltr'>soluta</span> <span class='ocrx_word' id='word_1_39' title='bbox 438 529 480 567; x_wconf 89' lang='lat' dir='ltr'>in</span> <span class='ocrx_word' id='word_1_40' title='bbox 505 529 761 583; x_wconf 85' lang='lat' dir='ltr'>Hanaperio.</span> 
     </span>
    </p>
   </div>
   <div class='ocr_carea' id='block_1_3' title="bbox 113 669 1645 783">
    <p class='ocr_par' dir='ltr' id='par_1_4' title="bbox 113 669 1645 783">
     <span class='ocr_line' id='line_1_7' title="bbox 113 669 1645 714; baseline -0.005 -5"><span class='ocrx_word' id='word_1_41' title='bbox 113 673 269 709; x_wconf 81' lang='lat' dir='ltr'>CXXII.</span> <span class='ocrx_word' id='word_1_42' title='bbox 308 675 541 709; x_wconf 67' lang='lat' dir='ltr'>EXTRAOT</span> <span class='ocrx_word' id='word_1_43' title='bbox 572 675 707 709; x_wconf 78' lang='lat' dir='ltr'>FROM</span> <span class='ocrx_word' id='word_1_44' title='bbox 735 675 817 709; x_wconf 74' lang='lat' dir='ltr'>SIR</span> <span class='ocrx_word' id='word_1_45' title='bbox 842 675 954 709; x_wconf 78' lang='lat' dir='ltr'><strong>THO.</strong></span> <span class='ocrx_word' id='word_1_46' title='bbox 984 673 1261 708; x_wconf 73' lang='lat' dir='ltr'>IIERBERT‘S</span> <span class='ocrx_word' id='word_1_47' title='bbox 1289 672 1390 714; x_wconf 60' lang='lat' dir='ltr'>MS.)</span> <span class='ocrx_word' id='word_1_48' title='bbox 1422 669 1645 705; x_wconf 74' lang='lat' dir='ltr'>PRINTED</span> 
     </span>
     <span class='ocr_line' id='line_1_8' title="bbox 266 734 1493 783; baseline -0.004 -11"><span class='ocrx_word' id='word_1_49' title='bbox 266 738 318 772; x_wconf 76' lang='lat' dir='ltr'>IN</span> <span class='ocrx_word' id='word_1_50' title='bbox 352 738 565 773; x_wconf 69' lang='lat' dir='ltr'>DRAKE‘S</span> <span class='ocrx_word' id='word_1_51' title='bbox 600 738 881 773; x_wconf 67' lang='lat' dir='ltr'>ERGRAOUM</span> <span class='ocrx_word' id='word_1_52' title='bbox 916 739 1172 781; x_wconf 70' lang='lat' dir='ltr'>(APPENDIX),</span> <span class='ocrx_word' id='word_1_53' title='bbox 1200 748 1256 783; x_wconf 90' lang='lat' dir='ltr'>pp.</span> <span class='ocrx_word' id='word_1_54' title='bbox 1286 735 1380 770; x_wconf 82' lang='lat' dir='ltr'>xciii.</span> <span class='ocrx_word' id='word_1_55' title='bbox 1401 734 1493 769; x_wconf 82' lang='lat' dir='ltr'><strong>xciv.</strong></span> 
     </span>
    </p>
   </div>
   <div class='ocr_carea' id='block_1_4' title="bbox 96 812 1879 2798">
    <p class='ocr_par' dir='ltr' id='par_1_5' title="bbox 107 812 1879 1374">
     <span class='ocr_line' id='line_1_9' title="bbox 201 812 1879 871; baseline -0.002 -15"><span class='ocrx_word' id='word_1_56' title='bbox 201 817 252 857; x_wconf 89' lang='lat' dir='ltr'>In</span> <span class='ocrx_word' id='word_1_57' title='bbox 275 816 349 858; x_wconf 88' lang='lat' dir='ltr'>the</span> <span class='ocrx_word' id='word_1_58' title='bbox 373 817 646 871; x_wconf 78' lang='lat' dir='ltr'>t-hirty-sixth</span> <span class='ocrx_word' id='word_1_59' title='bbox 668 831 768 871; x_wconf 87' lang='lat' dir='ltr'>year</span> <span class='ocrx_word' id='word_1_60' title='bbox 792 817 838 857; x_wconf 89' lang='lat' dir='ltr'>of</span> <span class='ocrx_word' id='word_1_61' title='bbox 856 816 930 857; x_wconf 88' lang='lat' dir='ltr'>the</span> <span class='ocrx_word' id='word_1_62' title='bbox 952 817 1076 871; x_wconf 82' lang='lat' dir='ltr'>reign</span> <span class='ocrx_word' id='word_1_63' title='bbox 1099 816 1144 855; x_wconf 90' lang='lat' dir='ltr'>of</span> <span class='ocrx_word' id='word_1_64' title='bbox 1174 815 1323 868; x_wconf 89' lang='lat' dir='ltr'>Henry</span> <span class='ocrx_word' id='word_1_65' title='bbox 1344 818 1388 867; x_wconf 53' lang='grc' dir='ltr'>γε</span> <span class='ocrx_word' id='word_1_66' title='bbox 1412 816 1452 863; x_wconf 86' lang='grc'>8,</span> <span class='ocrx_word' id='word_1_67' title='bbox 1475 827 1497 852; x_wconf 85' lang='lat' dir='ltr'>a</span> <span class='ocrx_word' id='word_1_68' title='bbox 1522 812 1646 852; x_wconf 85' lang='lat' dir='ltr'>Com·</span> <span class='ocrx_word' id='word_1_69' title='bbox 1682 824 1879 852; x_wconf 41' lang='lat' dir='ltr'>malim-5.</span> 
     </span>
     <span class='ocr_line' id='line_1_10' title="bbox 111 876 1844 946; baseline -0.003 -26"><span class='ocrx_word' id='word_1_70' title='bbox 111 882 289 921; x_wconf 84' lang='lat' dir='ltr'>mission</span> <span class='ocrx_word' id='word_1_71' title='bbox 310 882 453 922; x_wconf 85' lang='lat' dir='ltr'>issued</span> <span class='ocrx_word' id='word_1_72' title='bbox 481 883 617 922; x_wconf 83' lang='lat' dir='ltr'>under</span> <span class='ocrx_word' id='word_1_73' title='bbox 648 888 692 936; x_wconf 58' lang='grc' dir='ltr'>γρ</span> <span class='ocrx_word' id='word_1_74' title='bbox 713 886 837 937; x_wconf 85' lang='lat' dir='ltr'>great</span> <span class='ocrx_word' id='word_1_75' title='bbox 869 882 955 922; x_wconf 77' lang='lat' dir='ltr'>scal</span> <span class='ocrx_word' id='word_1_76' title='bbox 986 881 1266 934; x_wconf 81' lang='lat' dir='ltr'>impowering</span> <span class='ocrx_word' id='word_1_77' title='bbox 1296 884 1340 932; x_wconf 81' lang='lat' dir='ltr'>ye</span> <span class='ocrx_word' id='word_1_78' title='bbox 1372 876 1558 930; x_wconf 87' lang='lat' dir='ltr'>Archbp.</span> <span class='ocrx_word' id='word_1_79' title='bbox 1582 876 1646 915; x_wconf 89' lang='lat' dir='ltr'>for</span> <span class='ocrx_word' id='word_1_80' title='bbox 1681 877 1844 946; x_wconf 46' lang='lat' dir='ltr'>ssffssffiw*</span> 
     </span>
     <span class='ocr_line' id='line_1_11' title="bbox 108 928 1842 1001; baseline 0.001 -15"><span class='ocrx_word' id='word_1_81' title='bbox 108 958 153 1000; x_wconf 46' lang='grc' dir='ltr'>γι·</span> <span class='ocrx_word' id='word_1_82' title='bbox 175 946 282 986; x_wconf 84' lang='lat' dir='ltr'>time</span> <span class='ocrx_word' id='word_1_83' title='bbox 305 946 436 1001; x_wconf 85' lang='lat' dir='ltr'>being</span> <span class='ocrx_word' id='word_1_84' title='bbox 459 951 502 986; x_wconf 88' lang='lat' dir='ltr'>to</span> <span class='ocrx_word' id='word_1_85' title='bbox 525 948 691 1000; x_wconf 89' lang='lat' dir='ltr'>dispose</span> <span class='ocrx_word' id='word_1_86' title='bbox 715 946 761 987; x_wconf 91' lang='lat' dir='ltr'>of</span> <span class='ocrx_word' id='word_1_87' title='bbox 779 945 853 987; x_wconf 86' lang='lat' dir='ltr'>the</span> <span class='ocrx_word' id='word_1_88' title='bbox 876 946 1098 1001; x_wconf 77' lang='lat' dir='ltr'>governmt</span> <span class='ocrx_word' id='word_1_89' title='bbox 1129 945 1176 985; x_wconf 92' lang='lat' dir='ltr'>of</span> <span class='ocrx_word' id='word_1_90' title='bbox 1202 950 1246 997; x_wconf 70' lang='lat' dir='ltr'>y⁰</span> <span class='ocrx_word' id='word_1_91' title='bbox 1279 942 1500 996; x_wconf 85' lang='lat' dir='ltr'>Hospitals</span> <span class='ocrx_word' id='word_1_92' title='bbox 1523 941 1569 981; x_wconf 86' lang='lat' dir='ltr'>of</span> <span class='ocrx_word' id='word_1_93' title='bbox 1588 941 1643 981; x_wconf 70' lang='lat' dir='ltr'>S‘.</span> <span class='ocrx_word' id='word_1_94' title='bbox 1681 956 1756 986; x_wconf 84' lang='lat' dir='ltr'>tion.</span> <span class='ocrx_word' id='word_1_95' title='bbox 1791 928 1842 947; x_wconf 62' lang='lat' dir='ltr'>ut-</span> 
     </span>
     <span class='ocr_line' id='line_1_12' title="bbox 109 1005 1649 1065; baseline -0.004 -15"><span class='ocrx_word' id='word_1_96' title='bbox 109 1009 222 1050; x_wconf 72' lang='lat' dir='ltr'>John</span> <span class='ocrx_word' id='word_1_97' title='bbox 249 1010 417 1064; x_wconf 85' lang='lat' dir='ltr'>Baptist</span> <span class='ocrx_word' id='word_1_98' title='bbox 438 1011 520 1050; x_wconf 87' lang='lat' dir='ltr'>and</span> <span class='ocrx_word' id='word_1_99' title='bbox 544 1011 666 1065; x_wconf 81' lang='lat' dir='ltr'>Mary</span> <span class='ocrx_word' id='word_1_100' title='bbox 689 1011 943 1065; x_wconf 78' lang='lat' dir='ltr'>Magdalens</span> <span class='ocrx_word' id='word_1_101' title='bbox 965 1012 1011 1050; x_wconf 87' lang='lat' dir='ltr'>in</span> <span class='ocrx_word' id='word_1_102' title='bbox 1033 1010 1116 1050; x_wconf 84' lang='lat' dir='ltr'>and</span> <span class='ocrx_word' id='word_1_103' title='bbox 1140 1022 1241 1049; x_wconf 87' lang='lat' dir='ltr'>near</span> <span class='ocrx_word' id='word_1_104' title='bbox 1274 1011 1381 1048; x_wconf 89' lang='lat' dir='ltr'>unto</span> <span class='ocrx_word' id='word_1_105' title='bbox 1401 1012 1446 1061; x_wconf 58' lang='grc' dir='ltr'>γρ</span> <span class='ocrx_word' id='word_1_106' title='bbox 1468 1011 1581 1046; x_wconf 83' lang='lat' dir='ltr'>town</span> <span class='ocrx_word' id='word_1_107' title='bbox 1603 1005 1649 1045; x_wconf 87' lang='lat' dir='ltr'>of</span> 
     </span>
     <span class='ocr_line' id='line_1_13' title="bbox 110 1070 1643 1129; baseline -0.003 -15"><span class='ocrx_word' id='word_1_108' title='bbox 110 1075 294 1128; x_wconf 84' lang='lat' dir='ltr'>Rippon,</span> <span class='ocrx_word' id='word_1_109' title='bbox 316 1090 360 1115; x_wconf 91' lang='lat' dir='ltr'>as</span> <span class='ocrx_word' id='word_1_110' title='bbox 382 1075 469 1115; x_wconf 85' lang='lat' dir='ltr'>also</span> <span class='ocrx_word' id='word_1_111' title='bbox 492 1075 538 1115; x_wconf 90' lang='lat' dir='ltr'>of</span> <span class='ocrx_word' id='word_1_112' title='bbox 555 1076 610 1115; x_wconf 88' lang='lat' dir='ltr'>all</span> <span class='ocrx_word' id='word_1_113' title='bbox 633 1075 668 1115; x_wconf 56' lang='grc' dir='ltr'>ἃ</span> <span class='ocrx_word' id='word_1_114' title='bbox 693 1076 884 1129; x_wconf 84' lang='lat' dir='ltr'>singular</span> <span class='ocrx_word' id='word_1_115' title='bbox 905 1081 948 1129; x_wconf 74' lang='lat' dir='ltr'>ye</span> <span class='ocrx_word' id='word_1_116' title='bbox 982 1074 1199 1115; x_wconf 85' lang='lat' dir='ltr'>Prebends</span> <span class='ocrx_word' id='word_1_117' title='bbox 1229 1073 1313 1112; x_wconf 89' lang='lat' dir='ltr'>and</span> <span class='ocrx_word' id='word_1_118' title='bbox 1337 1071 1503 1112; x_wconf 79' lang='lat' dir='ltr'>Canons</span> <span class='ocrx_word' id='word_1_119' title='bbox 1525 1070 1571 1110; x_wconf 89' lang='lat' dir='ltr'>of</span> <span class='ocrx_word' id='word_1_120' title='bbox 1597 1075 1643 1123; x_wconf 34' lang='lat' dir='ltr'>,ye</span> 
     </span>
     <span class='ocr_line' id='line_1_14' title="bbox 110 1134 1642 1194; baseline -0.003 -15"><span class='ocrx_word' id='word_1_121' title='bbox 110 1140 200 1179; x_wconf 77' lang='lat' dir='ltr'>said</span> <span class='ocrx_word' id='word_1_122' title='bbox 223 1139 454 1194; x_wconf 79' lang='lat' dir='ltr'>Collegiate</span> <span class='ocrx_word' id='word_1_123' title='bbox 479 1139 664 1190; x_wconf 74' lang='lat' dir='ltr'>Church,</span> <span class='ocrx_word' id='word_1_124' title='bbox 686 1154 731 1179; x_wconf 92' lang='lat' dir='ltr'>as</span> <span class='ocrx_word' id='word_1_125' title='bbox 753 1139 857 1193; x_wconf 89' lang='lat' dir='ltr'>they</span> <span class='ocrx_word' id='word_1_126' title='bbox 873 1139 1025 1180; x_wconf 83' lang='lat' dir='ltr'>should</span> <span class='ocrx_word' id='word_1_127' title='bbox 1039 1138 1147 1178; x_wconf 88' lang='lat' dir='ltr'>from</span> <span class='ocrx_word' id='word_1_128' title='bbox 1163 1138 1269 1176; x_wconf 87' lang='lat' dir='ltr'>time</span> <span class='ocrx_word' id='word_1_129' title='bbox 1283 1140 1327 1176; x_wconf 87' lang='lat' dir='ltr'>to</span> <span class='ocrx_word' id='word_1_130' title='bbox 1344 1136 1451 1175; x_wconf 88' lang='lat' dir='ltr'>time</span> <span class='ocrx_word' id='word_1_131' title='bbox 1467 1134 1642 1175; x_wconf 85' lang='lat' dir='ltr'>become</span> 
     </span>
     <span class='ocr_line' id='line_1_15' title="bbox 108 1199 1639 1254; baseline -0.003 -12"><span class='ocrx_word' id='word_1_132' title='bbox 108 1204 220 1254; x_wconf 84' lang='lat' dir='ltr'>void,</span> <span class='ocrx_word' id='word_1_133' title='bbox 243 1203 281 1243; x_wconf 61' lang='lat' dir='ltr'>ss</span> <span class='ocrx_word' id='word_1_134' title='bbox 302 1208 346 1243; x_wconf 81' lang='lat' dir='ltr'>to</span> <span class='ocrx_word' id='word_1_135' title='bbox 370 1204 473 1243; x_wconf 77' lang='lat' dir='ltr'>visit</span> <span class='ocrx_word' id='word_1_136' title='bbox 495 1203 531 1243; x_wconf 54' lang='grc' dir='ltr'><em>ἃ</em></span> <span class='ocrx_word' id='word_1_137' title='bbox 553 1203 709 1244; x_wconf 90' lang='lat' dir='ltr'>reform</span> <span class='ocrx_word' id='word_1_138' title='bbox 731 1202 844 1244; x_wconf 86' lang='lat' dir='ltr'>what</span> <span class='ocrx_word' id='word_1_139' title='bbox 876 1203 1030 1243; x_wconf 85' lang='lat' dir='ltr'>should</span> <span class='ocrx_word' id='word_1_140' title='bbox 1052 1203 1103 1243; x_wconf 90' lang='lat' dir='ltr'>be</span> <span class='ocrx_word' id='word_1_141' title='bbox 1126 1201 1259 1242; x_wconf 88' lang='lat' dir='ltr'>found</span> <span class='ocrx_word' id='word_1_142' title='bbox 1282 1201 1426 1250; x_wconf 86' lang='lat' dir='ltr'>amiss,</span> <span class='ocrx_word' id='word_1_143' title='bbox 1449 1214 1494 1239; x_wconf 86' lang='lat' dir='ltr'>as</span> <span class='ocrx_word' id='word_1_144' title='bbox 1516 1199 1571 1253; x_wconf 85' lang='lat' dir='ltr'>by</span> <span class='ocrx_word' id='word_1_145' title='bbox 1592 1204 1639 1253; x_wconf 75' lang='lat' dir='ltr'>y⁰</span> 
     </span>
     <span class='ocr_line' id='line_1_16' title="bbox 109 1266 1642 1322; baseline -0.003 -15"><span class='ocrx_word' id='word_1_146' title='bbox 109 1272 233 1308; x_wconf 84' lang='lat' dir='ltr'>tenor</span> <span class='ocrx_word' id='word_1_147' title='bbox 264 1268 309 1308; x_wconf 85' lang='lat' dir='ltr'>of</span> <span class='ocrx_word' id='word_1_148' title='bbox 338 1267 443 1308; x_wconf 87' lang='lat' dir='ltr'>such</span> <span class='ocrx_word' id='word_1_149' title='bbox 476 1272 572 1322; x_wconf 88' lang='lat' dir='ltr'>part</span> <span class='ocrx_word' id='word_1_150' title='bbox 603 1268 776 1309; x_wconf 78' lang='lat' dir='ltr'>thereos</span> <span class='ocrx_word' id='word_1_151' title='bbox 804 1284 848 1309; x_wconf 87' lang='lat' dir='ltr'>as</span> <span class='ocrx_word' id='word_1_152' title='bbox 880 1269 1036 1308; x_wconf 86' lang='lat' dir='ltr'>relates</span> <span class='ocrx_word' id='word_1_153' title='bbox 1067 1266 1252 1315; x_wconf 86' lang='lat' dir='ltr'>thereto,</span> <span class='ocrx_word' id='word_1_154' title='bbox 1285 1279 1383 1318; x_wconf 88' lang='lat' dir='ltr'>may</span> <span class='ocrx_word' id='word_1_155' title='bbox 1405 1278 1575 1318; x_wconf 78' lang='lat' dir='ltr'>appear,</span> <span class='ocrx_word' id='word_1_156' title='bbox 1597 1278 1642 1303; x_wconf 85' lang='lat' dir='ltr'>as</span> 
     </span>
     <span class='ocr_line' id='line_1_17' title="bbox 107 1331 413 1374; baseline 0.007 -2"><span class='ocrx_word' id='word_1_157' title='bbox 107 1331 324 1373; x_wconf 60' lang='lat' dir='ltr'>follow-eth</span> <span class='ocrx_word' id='word_1_158' title='bbox 343 1350 413 1374; x_wconf 74' lang='lat'>1——</span> 
     </span>
    </p>

    <p class='ocr_par' dir='ltr' id='par_1_6' title="bbox 104 1393 1862 1644">
     <span class='ocr_line' id='line_1_18' title="bbox 196 1393 1815 1451; baseline -0.004 -13"><span class='ocrx_word' id='word_1_159' title='bbox 196 1400 206 1418; x_wconf 86' lang='lat'>‘</span> <span class='ocrx_word' id='word_1_160' title='bbox 226 1397 377 1438; x_wconf 85' lang='lat' dir='ltr'>Sciatis</span> <span class='ocrx_word' id='word_1_161' title='bbox 421 1398 552 1438; x_wconf 84' lang='lat' dir='ltr'>etiam</span> <span class='ocrx_word' id='word_1_162' title='bbox 598 1398 725 1451; x_wconf 87' lang='lat' dir='ltr'>quod,</span> <span class='ocrx_word' id='word_1_163' title='bbox 763 1411 861 1437; x_wconf 90' lang='lat' dir='ltr'>cum</span> <span class='ocrx_word' id='word_1_164' title='bbox 908 1395 1213 1449; x_wconf 85' lang='lat' dir='ltr'>archiepiscopi</span> <span class='ocrx_word' id='word_1_165' title='bbox 1258 1395 1558 1442; x_wconf 83' lang='lat' dir='ltr'>Eboracenses,</span> <span class='ocrx_word' id='word_1_166' title='bbox 1596 1393 1642 1432; x_wconf 90' lang='lat' dir='ltr'>in</span> <span class='ocrx_word' id='word_1_167' title='bbox 1678 1403 1815 1433; x_wconf 68' lang='lat' dir='ltr'>Exn-avt,</span> 
     </span>
     <span class='ocr_line' id='line_1_19' title="bbox 105 1444 1862 1515; baseline -0.003 -15"><span class='ocrx_word' id='word_1_168' title='bbox 105 1475 287 1514; x_wconf 80' lang='lat' dir='ltr'>quorum</span> <span class='ocrx_word' id='word_1_169' title='bbox 310 1462 523 1515; x_wconf 82' lang='lat' dir='ltr'>provincia</span> <span class='ocrx_word' id='word_1_170' title='bbox 549 1461 637 1501; x_wconf 76' lang='lat' dir='ltr'>haec</span> <span class='ocrx_word' id='word_1_171' title='bbox 661 1461 839 1502; x_wconf 81' lang='lat' dir='ltr'>ecclesia</span> <span class='ocrx_word' id='word_1_172' title='bbox 867 1461 1045 1500; x_wconf 80' lang='lat' dir='ltr'>fundata</span> <span class='ocrx_word' id='word_1_173' title='bbox 1078 1464 1122 1499; x_wconf 87' lang='lat' dir='ltr'>et</span> <span class='ocrx_word' id='word_1_174' title='bbox 1154 1459 1343 1499; x_wconf 89' lang='lat' dir='ltr'>stabilita</span> <span class='ocrx_word' id='word_1_175' title='bbox 1376 1460 1459 1507; x_wconf 83' lang='lat' dir='ltr'>est,</span> <span class='ocrx_word' id='word_1_176' title='bbox 1483 1457 1640 1496; x_wconf 89' lang='lat' dir='ltr'>summi</span> <span class='ocrx_word' id='word_1_177' title='bbox 1676 1444 1862 1513; x_wconf 51' lang='grc' dir='ltr'>Ξᾏᾙῃξζῖἃι</span> 
     </span>
     <span class='ocr_line' id='line_1_20' title="bbox 105 1521 1754 1579; baseline -0.003 -15"><span class='ocrx_word' id='word_1_178' title='bbox 105 1525 291 1566; x_wconf 85' lang='lat' dir='ltr'>fautores</span> <span class='ocrx_word' id='word_1_179' title='bbox 314 1530 357 1566; x_wconf 86' lang='lat' dir='ltr'>et</span> <span class='ocrx_word' id='word_1_180' title='bbox 378 1526 594 1579; x_wconf 83' lang='lat' dir='ltr'>adjutores</span> <span class='ocrx_word' id='word_1_181' title='bbox 621 1527 746 1566; x_wconf 88' lang='lat' dir='ltr'>istius</span> <span class='ocrx_word' id='word_1_182' title='bbox 767 1526 906 1579; x_wconf 90' lang='lat' dir='ltr'>operis</span> <span class='ocrx_word' id='word_1_183' title='bbox 928 1525 1102 1564; x_wconf 84' lang='lat' dir='ltr'>fuerunt</span> <span class='ocrx_word' id='word_1_184' title='bbox 1129 1527 1173 1563; x_wconf 91' lang='lat' dir='ltr'>et</span> <span class='ocrx_word' id='word_1_185' title='bbox 1194 1524 1239 1562; x_wconf 87' lang='lat' dir='ltr'>in</span> <span class='ocrx_word' id='word_1_186' title='bbox 1262 1526 1482 1576; x_wconf 85' lang='lat' dir='ltr'>posterum</span> <span class='ocrx_word' id='word_1_187' title='bbox 1504 1521 1639 1560; x_wconf 90' lang='lat' dir='ltr'>futuri</span> <span class='ocrx_word' id='word_1_188' title='bbox 1676 1523 1754 1551; x_wconf 78' lang='lat' dir='ltr'>sion.</span> 
     </span>
     <span class='ocr_line' id='line_1_21' title="bbox 104 1587 1638 1644; baseline -0.003 -16"><span class='ocrx_word' id='word_1_189' title='bbox 104 1594 219 1640; x_wconf 78' lang='lat' dir='ltr'>sunt,</span> <span class='ocrx_word' id='word_1_190' title='bbox 242 1591 426 1630; x_wconf 83' lang='lat' dir='ltr'>maxime</span> <span class='ocrx_word' id='word_1_191' title='bbox 449 1592 494 1630; x_wconf 88' lang='lat' dir='ltr'>in</span> <span class='ocrx_word' id='word_1_192' title='bbox 515 1595 723 1644; x_wconf 85' lang='lat' dir='ltr'>perpetua</span> <span class='ocrx_word' id='word_1_193' title='bbox 743 1591 974 1630; x_wconf 81' lang='lat' dir='ltr'>donatione</span> <span class='ocrx_word' id='word_1_194' title='bbox 998 1593 1041 1629; x_wconf 83' lang='lat' dir='ltr'>et</span> <span class='ocrx_word' id='word_1_195' title='bbox 1063 1588 1289 1628; x_wconf 86' lang='lat' dir='ltr'>collatione</span> <span class='ocrx_word' id='word_1_196' title='bbox 1312 1587 1357 1625; x_wconf 90' lang='lat' dir='ltr'>in</span> <span class='ocrx_word' id='word_1_197' title='bbox 1381 1599 1507 1625; x_wconf 90' lang='lat' dir='ltr'>usum</span> <span class='ocrx_word' id='word_1_198' title='bbox 1531 1599 1638 1639; x_wconf 83' lang='lat' dir='ltr'>prae-</span> 
     </span>
    </p>

    <p class='ocr_par' dir='ltr' id='par_1_7' title="bbox 103 1647 1639 1709">
     <span class='ocr_line' id='line_1_22' title="bbox 103 1647 1639 1709; baseline -0.003 -16"><span class='ocrx_word' id='word_1_199' title='bbox 103 1655 228 1694; x_wconf 74' lang='lat' dir='ltr'>(lictae</span> <span class='ocrx_word' id='word_1_200' title='bbox 251 1655 440 1695; x_wconf 61' lang='lat' dir='ltr'>ecclesiae</span> <span class='ocrx_word' id='word_1_201' title='bbox 473 1655 710 1709; x_wconf 75' lang='lat' dir='ltr'>magisterii</span> <span class='ocrx_word' id='word_1_202' title='bbox 743 1655 830 1694; x_wconf 78' lang='lat' dir='ltr'>sive</span> <span class='ocrx_word' id='word_1_203' title='bbox 857 1654 1046 1694; x_wconf 87' lang='lat' dir='ltr'>custodis</span> <span class='ocrx_word' id='word_1_204' title='bbox 1078 1647 1312 1705; x_wconf 85' lang='lat' dir='ltr'>Hospitalii</span> <span class='ocrx_word' id='word_1_205' title='bbox 1345 1651 1493 1690; x_wconf 80' lang='lat' dir='ltr'>Mariae</span> <span class='ocrx_word' id='word_1_206' title='bbox 1514 1650 1639 1704; x_wconf 81' lang='lat' dir='ltr'>Mag-</span> 
     </span>
    </p>

    <p class='ocr_par' dir='ltr' id='par_1_8' title="bbox 103 1714 1636 1772">
     <span class='ocr_line' id='line_1_23' title="bbox 103 1714 1636 1772; baseline -0.003 -16"><span class='ocrx_word' id='word_1_207' title='bbox 103 1717 266 1758; x_wconf 81' lang='lat' dir='ltr'>‹lalenae</span> <span class='ocrx_word' id='word_1_208' title='bbox 288 1732 334 1758; x_wconf 90' lang='lat' dir='ltr'>ac</span> <span class='ocrx_word' id='word_1_209' title='bbox 357 1718 597 1772; x_wconf 79' lang='lat' dir='ltr'>magisterii</span> <span class='ocrx_word' id='word_1_210' title='bbox 615 1719 701 1758; x_wconf 86' lang='lat' dir='ltr'>sive</span> <span class='ocrx_word' id='word_1_211' title='bbox 716 1719 904 1758; x_wconf 87' lang='lat' dir='ltr'>custodis</span> <span class='ocrx_word' id='word_1_212' title='bbox 919 1717 1150 1770; x_wconf 88' lang='lat' dir='ltr'>Hospitalii</span> <span class='ocrx_word' id='word_1_213' title='bbox 1176 1716 1218 1756; x_wconf 78' lang='lat' dir='ltr'>S.</span> <span class='ocrx_word' id='word_1_214' title='bbox 1235 1716 1259 1756; x_wconf 86' lang='lat' dir='ltr'>J</span> <span class='ocrx_word' id='word_1_215' title='bbox 1266 1715 1413 1754; x_wconf 85' lang='lat' dir='ltr'>oannis</span> <span class='ocrx_word' id='word_1_216' title='bbox 1432 1714 1636 1766; x_wconf 65' lang='lat' dir='ltr'>Baptistae</span> 
     </span>
    </p>

    <p class='ocr_par' dir='ltr' id='par_1_9' title="bbox 99 1777 1855 2219">
     <span class='ocr_line' id='line_1_24' title="bbox 104 1777 1841 1836; baseline -0.003 -16"><span class='ocrx_word' id='word_1_217' title='bbox 104 1782 147 1820; x_wconf 84' lang='lat' dir='ltr'>in</span> <span class='ocrx_word' id='word_1_218' title='bbox 172 1786 214 1821; x_wconf 94' lang='lat' dir='ltr'>et</span> <span class='ocrx_word' id='word_1_219' title='bbox 231 1781 359 1835; x_wconf 82' lang='lat' dir='ltr'>juxta</span> <span class='ocrx_word' id='word_1_220' title='bbox 379 1783 519 1836; x_wconf 88' lang='lat' dir='ltr'>Ripon</span> <span class='ocrx_word' id='word_1_221' title='bbox 541 1783 585 1822; x_wconf 89' lang='lat' dir='ltr'>in</span> <span class='ocrx_word' id='word_1_222' title='bbox 608 1783 810 1836; x_wconf 68' lang='lat' dir='ltr'>praedicto</span> <span class='ocrx_word' id='word_1_223' title='bbox 830 1783 1042 1822; x_wconf 85' lang='lat' dir='ltr'>comitatu</span> <span class='ocrx_word' id='word_1_224' title='bbox 1066 1781 1267 1829; x_wconf 86' lang='lat' dir='ltr'>Eborum,</span> <span class='ocrx_word' id='word_1_225' title='bbox 1290 1779 1378 1819; x_wconf 79' lang='lat' dir='ltr'>Nos</span> <span class='ocrx_word' id='word_1_226' title='bbox 1403 1792 1478 1832; x_wconf 91' lang='lat' dir='ltr'>pro</span> <span class='ocrx_word' id='word_1_227' title='bbox 1500 1777 1637 1827; x_wconf 86' lang='lat' dir='ltr'>nobis,</span> <span class='ocrx_word' id='word_1_228' title='bbox 1671 1793 1736 1822; x_wconf 70' lang='lat' dir='ltr'>Tho</span> <span class='ocrx_word' id='word_1_229' title='bbox 1753 1795 1841 1823; x_wconf 78' lang='lat' dir='ltr'>arch-</span> 
     </span>
     <span class='ocr_line' id='line_1_25' title="bbox 103 1833 1837 1901; baseline -0.003 -16"><span class='ocrx_word' id='word_1_230' title='bbox 103 1845 358 1896; x_wconf 61' lang='lat' dir='ltr'>lum-edibus,</span> <span class='ocrx_word' id='word_1_231' title='bbox 383 1850 428 1886; x_wconf 85' lang='lat' dir='ltr'>et</span> <span class='ocrx_word' id='word_1_232' title='bbox 451 1847 760 1887; x_wconf 84' lang='lat' dir='ltr'>successoribus</span> <span class='ocrx_word' id='word_1_233' title='bbox 777 1847 946 1896; x_wconf 87' lang='lat' dir='ltr'>nostris,</span> <span class='ocrx_word' id='word_1_234' title='bbox 968 1845 1043 1885; x_wconf 85' lang='lat' dir='ltr'>has</span> <span class='ocrx_word' id='word_1_235' title='bbox 1061 1859 1206 1885; x_wconf 87' lang='lat' dir='ltr'>eorum</span> <span class='ocrx_word' id='word_1_236' title='bbox 1222 1843 1474 1883; x_wconf 85' lang='lat' dir='ltr'>donationes</span> <span class='ocrx_word' id='word_1_237' title='bbox 1491 1845 1533 1881; x_wconf 92' lang='lat' dir='ltr'>et</span> <span class='ocrx_word' id='word_1_238' title='bbox 1551 1842 1636 1882; x_wconf 91' lang='lat' dir='ltr'>col-</span> <span class='ocrx_word' id='word_1_239' title='bbox 1670 1833 1837 1901; x_wconf 48' lang='lat' dir='ltr'>Egss&#39;llfged</span> 
     </span>
     <span class='ocr_line' id='line_1_26' title="bbox 103 1906 1799 1964; baseline -0.004 -14"><span class='ocrx_word' id='word_1_240' title='bbox 103 1910 282 1950; x_wconf 85' lang='lat' dir='ltr'>lationes</span> <span class='ocrx_word' id='word_1_241' title='bbox 305 1910 436 1950; x_wconf 85' lang='lat' dir='ltr'>factas</span> <span class='ocrx_word' id='word_1_242' title='bbox 462 1914 506 1950; x_wconf 88' lang='lat' dir='ltr'>et</span> <span class='ocrx_word' id='word_1_243' title='bbox 536 1910 766 1961; x_wconf 84' lang='lat' dir='ltr'>faciendas,</span> <span class='ocrx_word' id='word_1_244' title='bbox 788 1924 863 1964; x_wconf 90' lang='lat' dir='ltr'>per</span> <span class='ocrx_word' id='word_1_245' title='bbox 884 1914 1048 1950; x_wconf 86' lang='lat' dir='ltr'>nostras</span> <span class='ocrx_word' id='word_1_246' title='bbox 1071 1908 1145 1948; x_wconf 88' lang='lat' dir='ltr'>has</span> <span class='ocrx_word' id='word_1_247' title='bbox 1167 1909 1313 1948; x_wconf 82' lang='lat' dir='ltr'>literas</span> <span class='ocrx_word' id='word_1_248' title='bbox 1335 1906 1634 1946; x_wconf 89' lang='lat' dir='ltr'>confirmamus</span> <span class='ocrx_word' id='word_1_249' title='bbox 1669 1911 1701 1940; x_wconf 83' lang='lat' dir='ltr'>iu</span> <span class='ocrx_word' id='word_1_250' title='bbox 1718 1913 1799 1941; x_wconf 79' lang='lat' dir='ltr'>their</span> 
     </span>
     <span class='ocr_line' id='line_1_27' title="bbox 101 1954 1855 2029; baseline -0.003 -15"><span class='ocrx_word' id='word_1_251' title='bbox 101 1982 144 2014; x_wconf 86' lang='lat' dir='ltr'>et</span> <span class='ocrx_word' id='word_1_252' title='bbox 168 1976 284 2029; x_wconf 85' lang='lat' dir='ltr'>regia</span> <span class='ocrx_word' id='word_1_253' title='bbox 300 1974 564 2015; x_wconf 84' lang='lat' dir='ltr'>authoritate</span> <span class='ocrx_word' id='word_1_254' title='bbox 579 1975 894 2015; x_wconf 83' lang='lat' dir='ltr'>corroboramus</span> <span class='ocrx_word' id='word_1_255' title='bbox 913 1989 923 2023; x_wconf 91' lang='lat'>;</span> <span class='ocrx_word' id='word_1_256' title='bbox 955 1989 1001 2014; x_wconf 89' lang='lat' dir='ltr'>ac</span> <span class='ocrx_word' id='word_1_257' title='bbox 1020 1974 1183 2014; x_wconf 85' lang='lat' dir='ltr'>ratione</span> <span class='ocrx_word' id='word_1_258' title='bbox 1199 1972 1380 2026; x_wconf 66' lang='lat' dir='ltr'>publicae</span> <span class='ocrx_word' id='word_1_259' title='bbox 1399 1970 1632 2010; x_wconf 83' lang='lat' dir='ltr'>eorundem</span> <span class='ocrx_word' id='word_1_260' title='bbox 1670 1954 1855 2019; x_wconf 50' lang='lat' dir='ltr'>,pfistfffi&#39;g&#39;ffiss</span> 
     </span>
     <span class='ocr_line' id='line_1_28' title="bbox 99 2029 1841 2099; baseline -0.003 -21"><span class='ocrx_word' id='word_1_261' title='bbox 99 2038 512 2093; x_wconf 81' lang='lat' dir='ltr'>archiepiscoporum</span> <span class='ocrx_word' id='word_1_262' title='bbox 541 2039 834 2079; x_wconf 59' lang='lat' dir='ltr'>beneficentia}</span> <span class='ocrx_word' id='word_1_263' title='bbox 860 2039 905 2078; x_wconf 84' lang='lat' dir='ltr'>in</span> <span class='ocrx_word' id='word_1_264' title='bbox 938 2037 1047 2078; x_wconf 87' lang='lat' dir='ltr'>hanc</span> <span class='ocrx_word' id='word_1_265' title='bbox 1070 2037 1294 2077; x_wconf 82' lang='lat' dir='ltr'>ecclesiam</span> <span class='ocrx_word' id='word_1_266' title='bbox 1316 2034 1632 2084; x_wconf 79' lang='lat' dir='ltr'>continuandae‚</span> <span class='ocrx_word' id='word_1_267' title='bbox 1667 2029 1841 2099; x_wconf 44' lang='grc' dir='ltr'>ἐζῑιῑῃῖξιῃίῗῑῑ</span> 
     </span>
     <span class='ocr_line' id='line_1_29' title="bbox 99 2098 1633 2156; baseline -0.005 -13"><span class='ocrx_word' id='word_1_268' title='bbox 99 2117 174 2143; x_wconf 88' lang='lat' dir='ltr'>nos</span> <span class='ocrx_word' id='word_1_269' title='bbox 192 2117 266 2156; x_wconf 92' lang='lat' dir='ltr'>pro</span> <span class='ocrx_word' id='word_1_270' title='bbox 282 2103 418 2153; x_wconf 87' lang='lat' dir='ltr'>nobis,</span> <span class='ocrx_word' id='word_1_271' title='bbox 433 2102 688 2153; x_wconf 74' lang='lat' dir='ltr'>haeredibus,</span> <span class='ocrx_word' id='word_1_272' title='bbox 703 2108 743 2143; x_wconf 88' lang='lat' dir='ltr'>et</span> <span class='ocrx_word' id='word_1_273' title='bbox 761 2103 1072 2143; x_wconf 82' lang='lat' dir='ltr'>successoribus</span> <span class='ocrx_word' id='word_1_274' title='bbox 1087 2101 1257 2150; x_wconf 88' lang='lat' dir='ltr'>nostris,</span> <span class='ocrx_word' id='word_1_275' title='bbox 1273 2114 1323 2139; x_wconf 82' lang='lat' dir='ltr'>ex</span> <span class='ocrx_word' id='word_1_276' title='bbox 1339 2098 1476 2154; x_wconf 87' lang='lat' dir='ltr'>gratia</span> <span class='ocrx_word' id='word_1_277' title='bbox 1489 2102 1633 2137; x_wconf 84' lang='lat' dir='ltr'>nostra</span> 
     </span>
     <span class='ocr_line' id='line_1_30' title="bbox 101 2162 1630 2219; baseline -0.003 -15"><span class='ocrx_word' id='word_1_278' title='bbox 101 2166 274 2218; x_wconf 77' lang='lat' dir='ltr'>speciali</span> <span class='ocrx_word' id='word_1_279' title='bbox 297 2172 340 2207; x_wconf 89' lang='lat' dir='ltr'>et</span> <span class='ocrx_word' id='word_1_280' title='bbox 363 2182 414 2207; x_wconf 74' lang='lat' dir='ltr'>ex</span> <span class='ocrx_word' id='word_1_281' title='bbox 435 2171 549 2207; x_wconf 82' lang='lat' dir='ltr'>certa</span> <span class='ocrx_word' id='word_1_282' title='bbox 573 2168 751 2207; x_wconf 85' lang='lat' dir='ltr'>scientia</span> <span class='ocrx_word' id='word_1_283' title='bbox 774 2172 818 2207; x_wconf 89' lang='lat' dir='ltr'>et</span> <span class='ocrx_word' id='word_1_284' title='bbox 835 2181 952 2207; x_wconf 88' lang='lat' dir='ltr'>mero</span> <span class='ocrx_word' id='word_1_285' title='bbox 976 2170 1110 2216; x_wconf 86' lang='lat' dir='ltr'>motu,</span> <span class='ocrx_word' id='word_1_286' title='bbox 1126 2179 1200 2219; x_wconf 92' lang='lat' dir='ltr'>per</span> <span class='ocrx_word' id='word_1_287' title='bbox 1222 2166 1455 2218; x_wconf 83' lang='lat' dir='ltr'>praesentes</span> <span class='ocrx_word' id='word_1_288' title='bbox 1479 2162 1630 2201; x_wconf 86' lang='lat' dir='ltr'>damus</span> 
     </span>
    </p>

    <p class='ocr_par' dir='ltr' id='par_1_10' title="bbox 101 2226 1632 2349">
     <span class='ocr_line' id='line_1_31' title="bbox 101 2226 1630 2285; baseline -0.003 -16"><span class='ocrx_word' id='word_1_289' title='bbox 101 2234 143 2269; x_wconf 82' lang='lat' dir='ltr'>et</span> <span class='ocrx_word' id='word_1_290' title='bbox 168 2232 441 2271; x_wconf 76' lang='lat' dir='ltr'>concedimus</span> <span class='ocrx_word' id='word_1_291' title='bbox 463 2230 778 2285; x_wconf 84' lang='lat' dir='ltr'>archiepiscopo</span> <span class='ocrx_word' id='word_1_292' title='bbox 810 2232 999 2272; x_wconf 87' lang='lat' dir='ltr'>Eborum</span> <span class='ocrx_word' id='word_1_293' title='bbox 1023 2234 1066 2271; x_wconf 84' lang='lat' dir='ltr'>et</span> <span class='ocrx_word' id='word_1_294' title='bbox 1099 2228 1409 2270; x_wconf 86' lang='lat' dir='ltr'>successoribus</span> <span class='ocrx_word' id='word_1_295' title='bbox 1432 2227 1532 2275; x_wconf 83' lang='lat' dir='ltr'>suis,</span> <span class='ocrx_word' id='word_1_296' title='bbox 1556 2226 1630 2266; x_wconf 86' lang='lat' dir='ltr'>ad-</span> 
     </span>
     <span class='ocr_line' id='line_1_32' title="bbox 101 2291 1632 2349; baseline -0.003 -16"><span class='ocrx_word' id='word_1_297' title='bbox 101 2295 379 2346; x_wconf 86' lang='lat' dir='ltr'>vocationem,</span> <span class='ocrx_word' id='word_1_298' title='bbox 396 2296 685 2346; x_wconf 84' lang='lat' dir='ltr'>donationem,</span> <span class='ocrx_word' id='word_1_299' title='bbox 699 2296 878 2336; x_wconf 84' lang='lat' dir='ltr'>liberam</span> <span class='ocrx_word' id='word_1_300' title='bbox 895 2295 1221 2349; x_wconf 84' lang='lat' dir='ltr'>dispositionem</span> <span class='ocrx_word' id='word_1_301' title='bbox 1237 2296 1277 2332; x_wconf 84' lang='lat' dir='ltr'>et</span> <span class='ocrx_word' id='word_1_302' title='bbox 1296 2291 1368 2346; x_wconf 87' lang='lat' dir='ltr'>jus</span> <span class='ocrx_word' id='word_1_303' title='bbox 1382 2294 1632 2344; x_wconf 86' lang='lat' dir='ltr'>patronatus</span> 
     </span>
    </p>

    <p class='ocr_par' dir='ltr' id='par_1_11' title="bbox 101 2357 1631 2541">
     <span class='ocr_line' id='line_1_33' title="bbox 101 2357 1631 2414; baseline -0.003 -18"><span class='ocrx_word' id='word_1_304' title='bbox 101 2359 295 2398; x_wconf 89' lang='lat' dir='ltr'>omnium</span> <span class='ocrx_word' id='word_1_305' title='bbox 336 2363 377 2399; x_wconf 90' lang='lat' dir='ltr'>et</span> <span class='ocrx_word' id='word_1_306' title='bbox 423 2360 690 2414; x_wconf 87' lang='lat' dir='ltr'>singulorum</span> <span class='ocrx_word' id='word_1_307' title='bbox 722 2360 1046 2414; x_wconf 58' lang='lat' dir='ltr'>praebendarum</span> <span class='ocrx_word' id='word_1_308' title='bbox 1083 2365 1127 2398; x_wconf 89' lang='lat' dir='ltr'>et</span> <span class='ocrx_word' id='word_1_309' title='bbox 1160 2357 1490 2397; x_wconf 81' lang='lat' dir='ltr'>canonicatuum</span> <span class='ocrx_word' id='word_1_310' title='bbox 1527 2368 1631 2408; x_wconf 81' lang='lat' dir='ltr'>prae-</span> 
     </span>
     <span class='ocr_line' id='line_1_34' title="bbox 102 2418 1630 2480; baseline -0.003 -19"><span class='ocrx_word' id='word_1_311' title='bbox 102 2421 337 2463; x_wconf 86' lang='lat' dir='ltr'>bendarum</span> <span class='ocrx_word' id='word_1_312' title='bbox 378 2424 425 2463; x_wconf 91' lang='lat' dir='ltr'>in</span> <span class='ocrx_word' id='word_1_313' title='bbox 467 2424 616 2464; x_wconf 88' lang='lat' dir='ltr'>eadem</span> <span class='ocrx_word' id='word_1_314' title='bbox 661 2424 852 2464; x_wconf 87' lang='lat' dir='ltr'>Ecclesia</span> <span class='ocrx_word' id='word_1_315' title='bbox 890 2421 1026 2480; x_wconf 88' lang='lat' dir='ltr'>[quae]</span> <span class='ocrx_word' id='word_1_316' title='bbox 1046 2423 1060 2445; x_wconf 84' lang='lat'><strong>²</strong></span> <span class='ocrx_word' id='word_1_317' title='bbox 1094 2435 1240 2462; x_wconf 76' lang='lat' dir='ltr'>vacare</span> <span class='ocrx_word' id='word_1_318' title='bbox 1276 2419 1532 2473; x_wconf 84' lang='lat' dir='ltr'>contigerit-3</span> <span class='ocrx_word' id='word_1_319' title='bbox 1577 2418 1630 2457; x_wconf 92' lang='lat' dir='ltr'>ad</span> 
     </span>
     <span class='ocr_line' id='line_1_35' title="bbox 101 2482 1629 2541; baseline -0.003 -16"><span class='ocrx_word' id='word_1_320' title='bbox 101 2485 312 2538; x_wconf 86' lang='lat' dir='ltr'>ejusmodi</span> <span class='ocrx_word' id='word_1_321' title='bbox 353 2488 642 2538; x_wconf 85' lang='lat' dir='ltr'>canonicatus,</span> <span class='ocrx_word' id='word_1_322' title='bbox 684 2488 772 2528; x_wconf 80' lang='lat' dir='ltr'>sive</span> <span class='ocrx_word' id='word_1_323' title='bbox 815 2487 1142 2541; x_wconf 62' lang='lat' dir='ltr'>praebendarum</span> <span class='ocrx_word' id='word_1_324' title='bbox 1178 2485 1367 2538; x_wconf 86' lang='lat' dir='ltr'>aliquam</span> <span class='ocrx_word' id='word_1_325' title='bbox 1401 2482 1572 2522; x_wconf 81' lang='lat' dir='ltr'>illarum</span> <span class='ocrx_word' id='word_1_326' title='bbox 1607 2496 1629 2520; x_wconf 86' lang='lat' dir='ltr'>e</span> 
     </span>
    </p>

    <p class='ocr_par' dir='ltr' id='par_1_12' title="bbox 100 2547 1630 2605">
     <span class='ocr_line' id='line_1_36' title="bbox 100 2547 1630 2605; baseline -0.003 -17"><span class='ocrx_word' id='word_1_327' title='bbox 100 2549 237 2590; x_wconf 86' lang='lat' dir='ltr'>tribus</span> <span class='ocrx_word' id='word_1_328' title='bbox 269 2551 354 2591; x_wconf 89' lang='lat' dir='ltr'>illis</span> <span class='ocrx_word' id='word_1_329' title='bbox 386 2566 480 2605; x_wconf 61' lang='lat' dir='ltr'>qua?</span> <span class='ocrx_word' id='word_1_330' title='bbox 514 2566 588 2605; x_wconf 89' lang='lat' dir='ltr'>per</span> <span class='ocrx_word' id='word_1_331' title='bbox 621 2552 876 2605; x_wconf 72' lang='lat' dir='ltr'>praedictum</span> <span class='ocrx_word' id='word_1_332' title='bbox 907 2551 1118 2592; x_wconf 89' lang='lat' dir='ltr'>decanum</span> <span class='ocrx_word' id='word_1_333' title='bbox 1150 2553 1194 2590; x_wconf 83' lang='lat' dir='ltr'>et</span> <span class='ocrx_word' id='word_1_334' title='bbox 1226 2547 1466 2602; x_wconf 88' lang='lat' dir='ltr'>capitulum</span> <span class='ocrx_word' id='word_1_335' title='bbox 1489 2549 1630 2599; x_wconf 87' lang='lat' dir='ltr'>pater-</span> 
     </span>
    </p>

    <p class='ocr_par' dir='ltr' id='par_1_13' title="bbox 98 2610 1630 2666">
     <span class='ocr_line' id='line_1_37' title="bbox 98 2610 1630 2666; baseline -0.004 -13"><span class='ocrx_word' id='word_1_336' title='bbox 98 2615 227 2654; x_wconf 85' lang='lat' dir='ltr'>nitati</span> <span class='ocrx_word' id='word_1_337' title='bbox 267 2616 479 2654; x_wconf 85' lang='lat' dir='ltr'>nominati</span> <span class='ocrx_word' id='word_1_338' title='bbox 514 2630 589 2655; x_wconf 82' lang='lat' dir='ltr'>sen</span> <span class='ocrx_word' id='word_1_339' title='bbox 626 2616 914 2655; x_wconf 84' lang='lat' dir='ltr'>commendati</span> <span class='ocrx_word' id='word_1_340' title='bbox 949 2615 1128 2666; x_wconf 84' lang='lat' dir='ltr'>fuerint,</span> <span class='ocrx_word' id='word_1_341' title='bbox 1162 2613 1367 2662; x_wconf 82' lang='lat' dir='ltr'>conferre,</span> <span class='ocrx_word' id='word_1_342' title='bbox 1402 2610 1630 2662; x_wconf 78' lang='lat' dir='ltr'>eidemque</span> 
     </span>
    </p>

    <p class='ocr_par' dir='ltr' id='par_1_14' title="bbox 96 2674 1631 2798">
     <span class='ocr_line' id='line_1_38' title="bbox 96 2674 1631 2733; baseline -0.002 -17"><span class='ocrx_word' id='word_1_343' title='bbox 96 2677 262 2719; x_wconf 86' lang='lat' dir='ltr'>litteras</span> <span class='ocrx_word' id='word_1_344' title='bbox 304 2680 541 2719; x_wconf 87' lang='lat' dir='ltr'>collationis</span> <span class='ocrx_word' id='word_1_345' title='bbox 575 2680 627 2719; x_wconf 86' lang='lat' dir='ltr'>ad</span> <span class='ocrx_word' id='word_1_346' title='bbox 665 2679 743 2719; x_wconf 84' lang='lat' dir='ltr'>hoc</span> <span class='ocrx_word' id='word_1_347' title='bbox 777 2680 1037 2720; x_wconf 82' lang='lat' dir='ltr'>sufficienter</span> <span class='ocrx_word' id='word_1_348' title='bbox 1071 2684 1111 2719; x_wconf 77' lang='lat' dir='ltr'>et</span> <span class='ocrx_word' id='word_1_349' title='bbox 1150 2679 1248 2733; x_wconf 89' lang='lat' dir='ltr'>jure</span> <span class='ocrx_word' id='word_1_350' title='bbox 1290 2676 1448 2716; x_wconf 67' lang='lat' dir='ltr'>validas</span> <span class='ocrx_word' id='word_1_351' title='bbox 1480 2674 1631 2722; x_wconf 82' lang='lat' dir='ltr'>facere,</span> 
     </span>
     <span class='ocr_line' id='line_1_39' title="bbox 98 2738 1629 2798; baseline -0.003 -17"><span class='ocrx_word' id='word_1_352' title='bbox 98 2742 300 2795; x_wconf 83' lang='lat' dir='ltr'>sigillare,</span> <span class='ocrx_word' id='word_1_353' title='bbox 332 2747 376 2784; x_wconf 89' lang='lat' dir='ltr'>et</span> <span class='ocrx_word' id='word_1_354' title='bbox 405 2744 588 2794; x_wconf 74' lang='lat' dir='ltr'>tradere,</span> <span class='ocrx_word' id='word_1_355' title='bbox 622 2748 667 2784; x_wconf 90' lang='lat' dir='ltr'>ut</span> <span class='ocrx_word' id='word_1_356' title='bbox 705 2758 931 2798; x_wconf 86' lang='lat' dir='ltr'>personam</span> <span class='ocrx_word' id='word_1_357' title='bbox 967 2743 1211 2797; x_wconf 77' lang='lat' dir='ltr'>hujusmodi</span> <span class='ocrx_word' id='word_1_358' title='bbox 1244 2742 1289 2780; x_wconf 87' lang='lat' dir='ltr'>in</span> <span class='ocrx_word' id='word_1_359' title='bbox 1319 2739 1507 2779; x_wconf 74' lang='lat' dir='ltr'>canonia&gt;</span> <span class='ocrx_word' id='word_1_360' title='bbox 1541 2738 1629 2777; x_wconf 78' lang='lat' dir='ltr'>sive</span> 
     </span>
    </p>
   </div>
   <div class='ocr_carea' id='block_1_5' title="bbox 100 2803 1631 2861">
    <p class='ocr_par' dir='ltr' id='par_1_15' title="bbox 100 2803 1631 2861">
     <span class='ocr_line' id='line_1_40' title="bbox 100 2803 1631 2861; baseline -0.003 -16"><span class='ocrx_word' id='word_1_361' title='bbox 100 2807 334 2859; x_wconf 76' lang='lat' dir='ltr'>praebendae</span> <span class='ocrx_word' id='word_1_362' title='bbox 367 2808 484 2848; x_wconf 88' lang='lat' dir='ltr'>illius</span> <span class='ocrx_word' id='word_1_363' title='bbox 517 2809 827 2861; x_wconf 81' lang='lat' dir='ltr'>possessionem</span> <span class='ocrx_word' id='word_1_364' title='bbox 863 2809 998 2849; x_wconf 83' lang='lat' dir='ltr'>faccre</span> <span class='ocrx_word' id='word_1_365' title='bbox 1032 2813 1072 2848; x_wconf 82' lang='lat' dir='ltr'>et</span> <span class='ocrx_word' id='word_1_366' title='bbox 1109 2807 1276 2858; x_wconf 73' lang='lat' dir='ltr'>exequi,</span> <span class='ocrx_word' id='word_1_367' title='bbox 1310 2803 1553 2843; x_wconf 81' lang='lat' dir='ltr'>faciendum</span> <span class='ocrx_word' id='word_1_368' title='bbox 1586 2806 1631 2841; x_wconf 43' lang='lat' dir='ltr'>ets</span> 
     </span>
    </p>
   </div>
   <div class='ocr_carea' id='block_1_6' title="bbox 313 2916 1414 2964">
    <p class='ocr_par' dir='ltr' id='par_1_16' title="bbox 313 2916 1414 2964">
     <span class='ocr_line' id='line_1_41' title="bbox 313 2916 1414 2964; baseline -0.002 -12"><span class='ocrx_word' id='word_1_369' title='bbox 313 2919 367 2964; x_wconf 54' lang='lat' dir='ltr'>tl)</span> <span class='ocrx_word' id='word_1_370' title='bbox 397 2919 491 2953; x_wconf 82' lang='lat' dir='ltr'>Trin.</span> <span class='ocrx_word' id='word_1_371' title='bbox 511 2920 600 2954; x_wconf 69' lang='lat'>(¹011.</span> <span class='ocrx_word' id='word_1_372' title='bbox 620 2919 757 2962; x_wconf 61' lang='lat' dir='ltr'>Canib„</span> <span class='ocrx_word' id='word_1_373' title='bbox 776 2922 814 2955; x_wconf 74' lang='lat' dir='ltr'>O.</span> <span class='ocrx_word' id='word_1_374' title='bbox 831 2923 861 2954; x_wconf 70' lang='lat'>0‘.</span> <span class='ocrx_word' id='word_1_375' title='bbox 876 2924 906 2955; x_wconf 80' lang='lat'><em>·.&#39;.</em></span> <span class='ocrx_word' id='word_1_376' title='bbox 1104 2922 1160 2959; x_wconf 69' lang='grc'>(2)</span> <span class='ocrx_word' id='word_1_377' title='bbox 1189 2918 1259 2952; x_wconf 73' lang='lat' dir='ltr'>Not</span> <span class='ocrx_word' id='word_1_378' title='bbox 1280 2917 1316 2951; x_wconf 85' lang='lat' dir='ltr'>in</span> <span class='ocrx_word' id='word_1_379' title='bbox 1338 2916 1414 2951; x_wconf 55' lang='lat'>315.</span> 
     </span>
    </p>
   </div>
  </div>
 </body>
</html>
