1935 3151
79 143 172 190 296

81 497 147 518 Α».
165 489 249 518 1298.

791 157 1065 190 MEMORIALS
1100 157 1158 190 OF
1194 158 1350 191 RIPON.

341 280 449 316 OXC.
485 282 850 319 ARGHBISIIOP'S
882 283 1079 318 LETTER
1113 283 1211 317 FOR
1245 283 1459 318 RAISING
1493 284 1528 318 A
1559 283 1812 320 OAVALRY

986 341 1159 375 FORGE.

835 405 978 450 (Paron
1004 403 1187 439 CHAPTER
1213 404 1307 449 MS.)

400 478 625 528 Henricus,
648 479 923 532 permissione
945 478 1101 518 Divina
1133 479 1258 518 Ebor.
1281 477 1648 533 ArchiepiscOPUS,
1670 481 1837 535 Angliae

78 542 276 580 Archbishop
311 541 490 591 Primas,
512 542 679 582 dilectis
700 543 745 581 in
769 541 936 583 Christo
956 542 1071 593 filiis,
1094 543 1282 596 capitulo
1295 546 1440 583 nostro
1456 543 1623 597 Ripon’,
1639 545 1837 595 salutem,

81 582 191 620 Henry
206 582 243 611 de

80 621 227 651 Newark.

87 1060 161 1089 Five
176 1067 258 1087 scoto

85 1099 119 1128 of
137 1099 239 1127 horses

86 1142 118 1166 to
134 1138 168 1165 bc
184 1140 215 1166 at

86 1176 257 1205 Newcastlc

88 1216 200 1244 within
219 1216 252 1244 12

90 1255 178 1293 days.

105 2332 172 2360 Dec.
192 2334 235 2361 12.

310 607 509 660 graciam,
542 610 585 646 et
609 606 969 646 benediccionem.
1032 606 1139 647 Cum
1169 620 1321 659 nuper,
1349 605 1497 647 habito
1524 610 1710 648 tractat-u
1738 622 1836 648 cum

312 669 424 709 clero
452 673 595 708 nostro
625 670 670 708 in
707 670 895 709 manerio
930 673 1075 710 nostro
1107 671 1160 710 de
1195 669 1364 723 Thorp’,
1392 671 1461 711 die
1490 671 1694 711 Mercurii
1727 672 1839 712 infra

312 733 480 772 octabas
514 733 635 772 Beati
666 734 844 773 Andreae
876 734 1083 787 Apostoli,
1106 748 1231 787 super
1260 734 1474 788 adjutorio
1493 749 1570 788 pro
1591 735 1838 776 defensione

313 802 353 836 et
379 797 612 836 salvacione
645 797 919 837 ecclesiarum
953 801 997 838 et
1027 798 1236 838 bonorum
1268 798 1652 839 ecclesiasticorum
1683 803 1839 840 nostrae

312 861 511 910 civitatis,
534 861 776 911 dioeceseos,
799 865 844 901 et
874 863 1114 914 provinciae,
1146 865 1293 902 contra
1322 863 1598 902 inimicorum
1627 864 1741 918 regis
1773 863 1840 903 in—

314 925 528 964 vasionem
557 929 601 964 et
631 925 840 964 saeviciam
861 925 1068 976 faciendo,
1090 927 1323 980 ingruente
1345 927 1601 967 necessitate
1623 928 1840 980 provisum

315 989 505 1028 extiterit
528 993 571 1028 et
600 1001 852 1028 consensum
883 989 995 1042 quod
1017 989 1095 1029 sub
1127 989 1448 1029 condicionibus
1475 991 1602 1030 certis
1625 994 1669 1030 et
1690 991 1841 1041 modis,

316 1052 541 1105 quinquies
582 1052 739 1105 viginti
776 1053 873 1105 equi
909 1054 1099 1106 cooperti
1131 1053 1245 1107 apud
1279 1053 1450 1093 Novum
1485 1053 1681 1094 Castrum
1717 1068 1843 1108 super

316 1116 433 1169 Tyne
469 1115 578 1155 infra
609 1116 833 1155 duodecim
865 1116 956 1156 dies
997 1121 1223 1170 postquam
1264 1131 1341 1171 per
1381 1118 1604 1158 dominum
1645 1121 1841 1158 nostrum

317 1193 460 1234 regem
495 1181 560 1219 vel
591 1180 813 1220 dominum
834 1181 1104 1221 VVillelmum
1136 1182 1175 1221 le
1207 1182 1398 1221 Lat-imer
1426 1185 1608 1235 patrem,
1632 1183 1765 1236 ipsius
1787 1181 1841 1221 ad

318 1244 359 1282 id
384 1243 781 1294 locum-tenentem,
805 1258 929 1297 super
950 1244 1027 1285 hoc
1058 1245 1305 1298 praemuniti
1327 1245 1503 1296 fuerint,
1526 1244 1719 1299 ejusdem
1741 1245 1843 1284 cleri

321 1307 560 1360 sumptibus
581 1308 872 1359 mitterentur,
894 1323 955 1359 ac,
976 1309 1087 1349 facta
1108 1310 1431 1362 computacione
1462 1310 1508 1349 in
1530 1310 1661 1349 vestri
1683 1313 1728 1349 et
1748 1322 1845 1362 pro-

321 1372 522 1410 curatoris
544 1372 676 1425 ipsius
698 1372 799 1412 cleri
821 1375 1063 1425 praesencia,
1080 1374 1194 1427 apud
1211 1373 1336 1414 Ebor.
1354 1387 1493 1413 coram
1509 1373 1673 1413 clericis
1686 1373 1844 1413 nostris

325 1499 517 1538 extendit
538 1504 803 1552 compertum
825 1500 956 1540 fucrit
978 1502 1090 1554 quod
1124 1532 1134 1542 .
1168 1532 1178 1541 .
1212 1532 1222 1541 .
1258 1502 1285 1541 .²
1315 1502 1495 1542 inservit
1516 1502 1561 1541 in
1583 1500 1845 1555 adjutorium

323 1575 600 1614 expensarum
632 1562 802 1603 Archid.
836 1564 1095 1605 Richmund.
1118 1579 1193 1619 pro
1224 1565 1422 1619 porcione
1453 1565 1565 1618 ipsas
1597 1563 1703 1618 iiijxx
1726 1567 1771 1603 et
1791 1577 1844 1603 xv

324 1639 496 1676 marcas,
538 1627 828 1680 contingente,
860 1629 1053 1669 invenire
1085 1629 1266 1679 debetis,
1299 1626 1407 1669 ccctis
1438 1629 1591 1668 marcis
1627 1641 1703 1682 pro
1736 1640 1847 1681 equo

325 1687 568 1742 hujusmodi
620 1692 861 1744 assignatis,
904 1693 1022 1732 vobis
1063 1693 1245 1733 firmiter
1285 1692 1552 1747 injungendo
1594 1692 1845 1732 mandamus

324 1754 524 1805 quatinus
565 1754 615 1793 de
648 1755 761 1794 dicto
799 1770 907 1809 equo
947 1758 1103 1797 curetis
1146 1771 1222 1811 pro
1259 1757 1377 1797 vobis
1412 1757 1612 1797 omnibus
1652 1756 1847 1796 celeriter

324 1817 557 1869 providere,
599 1819 660 1858 ita
700 1820 812 1872 quod
846 1820 956 1860 infra
989 1820 1046 1874 xij
1086 1822 1178 1861 dies
1214 1835 1304 1861 esse
1342 1821 1482 1861 valeat
1522 1820 1635 1874 apud
1676 1820 1847 1860 Novum

326 1882 532 1931 Castrum,
564 1895 660 1921 cum
694 1896 819 1935 super
855 1883 932 1924 hoc
971 1886 1220 1938 praemuniti
1252 1885 1439 1936 fueritis,
1470 1889 1521 1925 ut
1555 1885 1751 1938 superius
1783 1887 1849 1923 est

325 1958 580 1996 expressum.
642 1947 698 1986 Et
729 1948 971 2000 porcionem
1002 1950 1328 2004 contingentem
1357 1962 1569 1989 summam
1600 1962 1694 2001 quae
1715 1949 1849 1988 restat

325 2009 516 2059 superius
557 2014 802 2050 annotatam
844 2011 975 2051 levari
1027 2013 1116 2052 sine
1167 2012 1398 2067 cujuslibet
1448 2026 1575 2053 morae
1625 2011 1850 2065 dispendio

326 2070 500 2111 faciatis.
562 2073 612 2112 In
635 2076 887 2115 exeeucione
909 2077 1221 2128 praemissorum
1245 2077 1390 2117 taliter
1404 2091 1476 2117 vos
1497 2075 1719 2126 habentes,
1735 2074 1848 2128 quod

326 2135 377 2174 dc
400 2135 703 2187 inobediencia,
725 2152 853 2191 quam
883 2140 1128 2192 inpunitam
1151 2141 1392 2194 relinquere
1413 2140 1628 2190 nolumus,
1651 2139 1848 2192 redargui

327 2212 409 2237 non
443 2201 624 2251 possitis,
656 2202 822 2254 proviso
853 2203 966 2254 quod
989 2217 1115 2256 super
1148 2202 1229 2244 hiis
1261 2205 1383 2245 nobis
1416 2204 1483 2244 vel
1514 2203 1683 2244 officiali
1704 2206 1849 2242 nostro

328 2262 512 2301 rcddatis
534 2270 775 2317 compotum
798 2279 896 2305 culn
919 2266 1088 2307 fueritis
1104 2269 1313 2321 requisiti.
1346 2269 1400 2308 In
1415 2282 1498 2322 quo
1512 2268 1630 2308 vobis
1644 2267 1849 2306 faciemus

330 2339 529 2377 expensas
563 2329 834 2368 racionabiles
870 2330 1053 2371 allocari.
1116 2331 1280 2372 Valete.
1342 2332 1442 2372 Dat.
1479 2332 1592 2385 apud
1629 2330 1777 2372 Cawod
1818 2328 1847 2382 ij

332 2387 432 2427 Idus
457 2389 688 2439 Deccmbr„
710 2393 979 2444 pontificatus
1001 2395 1134 2434 nostri
1156 2409 1267 2435 anno
1289 2396 1458 2449 primo.³

404 2470 460 2512 (Ι)
487 2471 590 2503 Some
607 2471 702 2516 eight
722 2484 761 2506 01·
779 2479 839 2507 ten
860 2475 975 2509 words
992 2476 1182 2521 destroyed
1201 2477 1293 2512 here.

405 2522 459 2561 (2)
486 2521 598 2556 'I'hrec
617 2535 655 2556 or
673 2523 750 2557 four
768 2526 884 2559 words
900 2539 1000 2571 gone.

407 2574 460 2613 (3)
490 2574 572 2608 Dec.
604 2576 656 2616 12,
696 2577 796 2610 129⁸.
859 2578 958 2612 Edw.
987 2580 1013 2613 Ι.
1041 2580 1112 2615 had
1144 2581 1250 2615 taken
1284 2581 1449 2616 Bel-wick
1480 2582 1570 2616 Mar.
1596 2581 1684 2614 30112
1728 2579 1764 2614 iu
1791 2579 1852 2613 the

335 2638 427 2657 sunn-
452 2638 544 2670 γυψὶν,
569 2628 636 2660 and
666 2628 794 2662 Ballio]
821 2630 890 2664 had
923 2633 1152 2667 surrendered
1186 2634 1332 2669 himself
1354 2634 1387 2668 in
1415 2634 1514 2679 July.
1577 2634 1651 2667 But
1678 2631 1853 2667 Scotland

336 2689 409 2710 was
433 2684 491 2710 not
510 2680 717 2724 conquered,
735 2681 842 2715 hence
869 2682 928 2715 the
954 2690 1115 2719 constant
1143 2686 1370 2731 precautions
1394 2687 1536 2732 against
1560 2685 1732 2720 invasion.
1782 2684 1854 2718 For

335 2729 394 2761 tlw
419 2742 522 2774 many
548 2732 696 2765 services
722 2735 886 2768 rendcrcd
914 2735 957 2780 by
986 2737 1078 2781 Abp.
1106 2738 1260 2773 Ncwark
1287 2745 1324 2773 to
1351 2740 1454 2773 Edw.
1479 2740 1521 2782 L,
1547 2739 1617 2773 and
1643 2739 1705 2772 the
1731 2736 1856 2781 King's

339 2781 478 2824 wr'ning
510 2789 544 2815 to
573 2783 630 2817 [hc
657 2784 751 2829 Popc
778 2785 928 2831 begging
955 2788 1027 2821 him
1053 2794 1090 2823 to
1115 2790 1194 2835 give
1220 2791 1275 2825 his
1300 2791 1411 2825 friend
1438 2792 1499 2825 the
1523 2791 1609 2837 pall,
1633 2802 1688 2824 see
1715 2789 1854 2823 Raine’s

339 2833 445 2865 Mati.
497 2834 564 2867 For
581 2835 681 2869 ‹uh-:r
700 2837 906 2872 documenta
925 2840 1077 2885 rolating
1095 2847 1131 2876 to
1152 2843 1252 2878 these
1277 2844 1409 2878 Scotch
1433 2856 1538 2887 wars,
1555 2855 1612 2878 see
1636 2840 1854 2886 ‘Exce1·pts‚'

339 2883 458 2967 abnui,
477 2895 531 2942 pp.
560 2887 686 2928 Tb-b'O,
703 2889 769 2922 and
790 2890 849 2923 the
875 2897 1030 2925 extracts
1054 2893 1143 2927 from
1166 2895 1416 2941 Archbishops'
1435 2896 1617 2940 Registers
1635 2899 1672 2928 to
1689 2894 1731 2928 be
1749 2894 1853 2938 given

338 2947 371 2968 111
392 2947 432 2967 VH
453 2963 456 2967 .
478 2948 509 2968 11.
