1935 3151
104 129 198 175 192
819 143 1093 177 MEMORIALS
1129 144 1187 177 or
1224 144 1381 178 RlPON.

103 259 283 290 witnesses.
334 255 538 307 praesenti
560 258 686 295 cartae
708 255 900 310 sigillum
922 270 1069 295 meum
1091 257 1285 310 apposui.
1324 256 1423 295 Hiis
1446 255 1648 305 testibus,
1670 254 1866 296 Johanne

334 319 388 358 de
411 317 616 369 Cluther’,
638 320 665 360 J
668 318 835 360 ohanne
857 321 909 359 de
933 319 1160 370 Schirwod,
1182 320 1210 361 J
1212 319 1380 360 ohanne
1394 319 1448 359 de
1464 319 1660 370 Tanfeld,
1677 320 1868 360 VValtero

334 382 387 422 de
410 383 564 433 LedeS,
586 382 784 424 Johanne
806 383 877 423 del
900 384 1058 435 Grene,
1092 383 1292 424 ,Iohanne
1324 383 1377 424 de
1409 383 1626 437 Morpath,
1649 387 1693 424 et
1715 384 1868 424 multis

101 448 183 478 Mar.
199 450 247 484 20,
333 446 442 486 aliis.
504 447 601 487 Dat.
634 447 747 500 apud
779 447 948 501 Ripon'‚
982 448 1188 488 vicesimo
1231 449 1301 488 die
1341 448 1505 487 mensis
1538 448 1705 499 Marcii,
1742 448 1867 487 Anno

99 496 168 518 Aa).
185 490 270 518 1366.
450 511 457 518 .
497 511 505 518 .
585 513 591 518 .
683 512 690 518 .
1105 512 1112 519 .

334 510 508 550 Donum
530 511 766 551 Msslemmo
785 515 900 551 ccc¹¹¹⁰
924 525 1189 566 sexagemmo
1211 515 1343 552 sexto.

1028 639 1179 685 (xcv.)

98 724 242 769 Amabat
422 715 569 756 Sciant
603 719 834 769 praesentes
869 719 913 756 et
945 715 1084 756 futuri
1119 716 1232 770 quod
1267 730 1347 771 ego
1383 715 1593 756 Amabilla
1629 715 1867 770 (quondam

98 764 259 838 ζῑᾘῗξᾭ
331 777 596 835 interlc‘ned)
627 795 732 820 uxor
763 779 975 820 Johannis
1016 780 1069 821 de
1111 781 1391 835 Dynyngton,
1428 781 1636 830 concessi,
1671 780 1785 831 dedi,
1822 784 1867 820 et

98 842 297 911 igi-‹lieasssffss
330 845 533 897 praesenti
555 848 669 884 carta
691 858 786 884 mea
807 843 1101 898 cirographata
1121 845 1367 885 confirmavi
1389 844 1569 884 Ricardo
1589 844 1630 884 le
1654 843 1866 897 Shepbird

98 930 194 955 suage
210 922 271 950 and
331 909 383 948 de
413 909 565 962 Ripon’
591 913 635 948 et
662 909 826 948 Emmae
859 909 979 948 uxori
1013 908 1121 962 ejus,
1158 923 1294 948 unum
1329 908 1603 963 mesuagium
1636 922 1735 947 cum
1771 921 1867 961 per-

97 961 226 1029 {fflsfflffn
330 973 531 1012 tinenciis
552 973 597 1012 in
621 972 774 1026 Ripon’
790 972 940 1027 jacens
963 973 1079 1012 inter
1100 973 1396 1027 messuagium
1419 973 1577 1027 Rogeri
1599 972 1792 1012 Herman
1815 985 1866 1012 ex

330 1050 416 1076 una
438 1041 572 1090 parte,
590 1040 635 1076 et
656 1037 930 1090 mesuagium
944 1036 1153 1076 Willelmi
1170 1037 1362 1076 Herman
1382 1050 1432 1076 ex
1446 1036 1593 1086 altera,
1608 1039 1652 1076 et
1665 1035 1866 1075 abbuttat

99 1107 276 1138 Herstrete-
333 1114 459 1154 super
489 1101 651 1155 regiam
684 1104 861 1140 stratam
893 1114 1041 1140 versus
1074 1101 1341 1140 occidentem
1372 1100 1418 1139 in
1450 1100 1798 1154 Herstretegate,
1820 1104 1865 1139 et

96 1152 179 1185 gam
330 1166 520 1218 quinque
554 1179 668 1205 acras
702 1169 827 1205 terrae
863 1179 963 1205 cum
997 1166 1293 1219 pertinenciis,
1315 1164 1511 1218 jacentes
1548 1165 1594 1204 in
1630 1163 1714 1204 hiis
1745 1164 1864 1214 locis,

99 1238 270 1278 Baidwyn-
329 1229 532 1269 videlicet
560 1230 664 1269 duas
692 1243 808 1269 acras
837 1232 926 1269 tres
959 1230 1082 1269 rodas
1107 1233 1150 1269 et
1179 1229 1403 1269 dimidiam
1424 1229 1537 1282 apud
1560 1227 1864 1282 Baldwynkeld

96 1279 177 1308 keld.
323 1293 451 1347 juxta
472 1297 630 1333 terram
652 1292 874 1347 hospitalis
901 1293 1042 1333 Beatae
1060 1294 1207 1333 Mariae
1222 1292 1375 1346 Ripon’
1392 1307 1445 1333 ex
1460 1296 1582 1346 parte
1597 1292 1865 1343 occidentali,

329 1360 415 1397 tres
438 1358 561 1397 rodas
583 1358 696 1397 inter
728 1361 886 1397 terram
917 1357 1064 1397 Aliciae
1096 1357 1253 1411 Eyuyll
1276 1371 1327 1397 ex
1358 1371 1445 1397 una
1476 1360 1613 1410 parte,
1637 1360 1681 1396 et
1702 1360 1863 1396 terram

329 1421 537 1461 willelmi
573 1422 763 1461 Herman
801 1434 852 1461 ex
887 1422 1036 1472 altera,
1067 1422 1347 1462 abbuttantes
1378 1435 1505 1474 super
1533 1421 1865 1475 Herstretegate

329 1499 475 1525 versus
498 1486 777 1536 occidentem,
799 1488 886 1525 tres
917 1486 1039 1525 rodas
1062 1489 1107 1525 et
1134 1485 1358 1525 dimidiam
1381 1499 1508 1538 super
1539 1484 1713 1524 Benhill
1739 1484 1865 1538 juxta

328 1552 486 1589 terram
508 1550 700 1603 praedicti
731 1549 955 1603 hospitalis
987 1550 1131 1589 Beatae
1163 1550 1311 1589 Mariae
1342 1549 1625 1603 Magdalenae,
1658 1553 1703 1588 et
1734 1549 1865 1588 dimi-

328 1614 443 1653 diam
475 1628 614 1653 acram
640 1613 766 1667 juxta
796 1613 835 1653 le
868 1613 1082 1667 Estmyln'
1112 1614 1158 1653 in
1189 1627 1338 1666 campo
1370 1613 1535 1666 Ripon’.
1599 1613 1796 1653 Habend.
1819 1616 1865 1652 et

329 1678 504 1718 tenend.
527 1679 668 1717 omnia
689 1678 893 1731 praedicta
923 1681 1174 1718 tenementa
1204 1691 1303 1717 cum
1337 1678 1423 1717 suis
1455 1677 1735 1730 pertinenciis
1756 1690 1864 1730 prae-

328 1742 455 1782 dictis
493 1742 673 1782 Ricardo
707 1745 752 1782 et
785 1743 950 1782 Emmae
986 1745 1030 1782 et
1066 1740 1309 1782 haeredibus
1346 1742 1399 1782 de
1436 1741 1681 1795 corporibus
1715 1755 1862 1780 eorum

96 1823 195 1853 Ronts
329 1806 524 1860 legitime
561 1807 806 1859 procreatis,
843 1806 896 1846 de
926 1820 995 1846 me
1025 1809 1070 1845 et
1102 1804 1344 1846 haeredibus
1377 1806 1502 1856 meis,
1530 1805 1679 1855 libere,
1701 1806 1862 1858 quiete,

95 1864 258 1941 {323ssssth
329 1870 513 1924 integre,
535 1870 660 1920 bene,
683 1874 728 1910 et
748 1871 794 1910 in
815 1884 931 1923 pace,
953 1870 1169 1910 reddendo
1198 1870 1300 1910 inde
1330 1884 1406 1923 per
1437 1883 1600 1909 annum
1631 1883 1707 1922 pro
1727 1883 1796 1908 me
1819 1872 1863 1909 et

94 1941 180 1970 York
196 1944 257 1972 and
328 1932 567 1975 haeredibus
597 1935 704 1974 meis
736 1935 910 1974 domino
941 1933 1272 1987 Archiepiscopo
1305 1934 1430 1974 Ebor’
1457 1934 1532 1987 qui
1564 1947 1639 1986 pro
1667 1936 1861 1986 tempore

95 1982 126 2010 ω
141 1986 279 2019 grantor.
327 1999 471 2050 fuerit,
493 1999 665 2052 capitali
690 1999 862 2039 domino
885 1998 999 2038 feodi
1024 1998 1158 2049 illius,
1182 2012 1255 2038 sex
1285 1998 1441 2038 solidos
1472 2001 1517 2038 et
1543 2001 1637 2037 octo
1665 1997 1861 2037 denarios

326 2064 495 2118 argenti
526 2063 579 2103 ad
611 2064 819 2103 terminos
853 2063 999 2103 Sancti
1030 2063 1210 2102 Martini
1242 2063 1287 2101 in
1319 2061 1472 2115 hyeme
1506 2066 1551 2102 et
1583 2061 1859 2101 Pentecostes

326 2141 401 2180 per
442 2127 625 2180 aequales
667 2127 901 2180 porcioneS,
936 2130 980 2167 et
1022 2125 1153 2166 michi
1188 2129 1233 2166 et
1267 2125 1508 2166 haeredibus
1552 2126 1659 2165 meis
1701 2125 1859 2179 viginti

329 2191 484 2231 solidos
506 2191 673 2246 argenti
698 2191 751 2230 ad
773 2191 979 2230 terminos
1002 2190 1224 2244 praedictos
1247 2204 1322 2243 per
1353 2190 1536 2243 aequales
1557 2189 1792 2243 porcioneS,
1814 2193 1860 2229 et

325 2256 568 2308 porcionem
594 2259 720 2294 sectae
741 2255 869 2294 curiae
890 2268 966 2308 pro
997 2255 1132 2294 tantis
1155 2255 1419 2294 tenementis
1441 2254 1783 2307 contingentem,
1804 2253 1857 2292 ad

325 2319 633 2359 inveniendum
675 2322 943 2358 attornatum
983 2319 1035 2358 ad
1076 2318 1238 2358 curiam
1280 2316 1387 2371 (prae
1439 2315 1710 2370 interlined)
1750 2317 1856 2356 dicti

325 2383 488 2423 domini
510 2381 829 2436 Archiepiscopi
851 2382 963 2435 apud
987 2381 1139 2435 Ripon’
1160 2395 1235 2435 per
1257 2395 1420 2421 annum
1446 2395 1522 2434 pro
1553 2394 1622 2420 me
1655 2384 1700 2420 et
1721 2379 1856 2420 haere-

324 2447 451 2487 dibus
481 2447 587 2486 meis
615 2446 668 2486 ad
690 2447 850 2486 dictam
878 2450 1038 2486 sectam
1065 2445 1318 2485 faciendam.
1381 2445 1437 2484 Et
1469 2459 1547 2499 ego
1569 2444 1780 2484 Amabilla
1812 2447 1857 2483 et

323 2510 513 2551 haercdes
536 2510 621 2549 mei
642 2510 787 2549 onmia
809 2510 1011 2563 praedicta
1032 2513 1283 2549 tenementa
1303 2523 1402 2549 cum
1434 2508 1725 2562 pertinenciis,
1748 2522 1855 2561 prae-

323 2573 450 2613 dictis
474 2574 654 2613 Ricardo
676 2576 721 2613 et
742 2573 906 2613 Emmae
929 2577 974 2613 et
994 2572 1233 2613 haeredibus
1255 2573 1308 2613 de
1325 2572 1569 2625 corporibus
1586 2585 1733 2611 eorum
1748 2571 1856 2625 legi-

322 2638 429 2677 time
444 2638 688 2691 procreatiS,
702 2640 752 2677 ut
765 2637 1019 2690 praedictum
1035 2641 1101 2677 est
1113 2638 1158 2676 in
1167 2638 1302 2677 forma
1314 2637 1531 2690 praedicta,
1541 2639 1688 2675 contra
1704 2649 1853 2674 omnes

321 2706 475 2756 gentes
492 2701 875 2751 warantizabimus,
891 2702 1245 2754 acquietabimus,
1263 2705 1308 2741 et
1319 2700 1616 2741 defendemus,
1663 2699 1716 2738 In
1730 2698 1852 2752 cujus

322 2767 382 2805 rei
400 2766 699 2805 testimonium
722 2765 832 2818 parti
855 2763 983 2817 hujus
1005 2768 1130 2804 cartae
1152 2763 1457 2819 cirographatae
1474 2777 1605 2816 penes
1627 2763 1850 2816 praedictos

323 2830 551 2869 Ricardum
574 2833 618 2868 et
646 2829 844 2868 Emmam
876 2829 1133 2878 remanenti,
1157 2828 1347 2883 sigillum
1375 2841 1519 2866 meum
1541 2827 1731 2880 apposui.
1794 2826 1850 2865 Et

323 2893 512 2945 praedicti
538 2892 742 2931 Rieu-dus
765 2894 810 2931 et
827 2891 978 2931 Emma
994 2891 1117 2930 alteri
1131 2893 1240 2944 parti
1259 2890 1388 2945 hujus
1403 2894 1528 2930 eartae
1545 2888 1849 2943 cirographatae
