1935 3151
120 164 213 210 292
835 173 1110 207 MEMoR1ALs
1146 174 1204 207 or
1240 173 1397 207 RIPON.

122 297 306 328 witnesses.
352 286 538 327 testibus
553 300 564 335 3
596 286 767 327 domino
781 285 966 326 Roberto
982 285 1034 326 de
1052 285 1251 339 Coyners,
1267 285 1440 326 domino
1454 283 1618 326 Thoma
1633 286 1685 327 de
1701 286 1882 338 Burton,

353 349 572 390 Willelmo
594 351 763 400 Warde,
785 349 1003 389 Willelmo
1034 350 1086 389 de
1110 349 1347 405 Cloperum‚
1368 349 1558 389 Waltero
1588 350 1640 390 de
1662 350 1883 391 Nonewie-

350 412 532 464 thornis,
554 413 740 454 Roberto
762 413 1043 466 Bindelowys,
1066 416 1110 453 et
1130 413 1280 453 multis
1303 413 1411 453 aliis.

438 476 583 519 small
624 477 819 518 civ-calar
860 476 949 518 scal
988 475 1043 517 in
1083 476 1357 518 uncoloured
1396 490 1496 517 wcoec
1513 493 1526 517 .·
1557 490 1617 518 on
1657 490 1686 518 a
1716 476 1881 518 hearer-

350 540 518 596 shaped
539 539 682 582 shield
704 555 766 581 cm
790 540 906 594 ea9le
927 539 1179 596 displayed.
1240 540 1358 581 Insa.
1379 539 1584 594 illeyible.

438 604 681 656 Endorsed,
706 604 927 659 Obligacio
948 619 1023 658 pro
1055 605 1127 659 viij
1154 604 1298 645 solidis
1331 605 1516 645 sacristae
1547 605 1750 646 Dunelm.
1781 619 1878 659 per-

349 669 560 710 solvendis
582 669 634 710 de
655 669 901 710 molendino
923 670 974 710 de
997 668 1246 710 Nonewick.
1308 671 1355 708 3²
1379 671 1427 708 1³³
1452 668 1625 710 Sacrist.
1646 669 1698 709 V.
1724 671 1762 710 1.

593 1042 694 1082 XII.
737 1041 1219 1083 MISCELLANEOUS
1259 1040 1627 1084 DOCUMENTS.

382 1202 600 1238 CLXXXV.
634 1202 823 1238 LITERA
864 1203 1248 1239 TESTIMONIALIS
1281 1203 1517 1239 TANGENS
1550 1202 1840 1239 EOOLESIAM

722 1261 875 1296 BEATI
908 1262 1158 1297 WILFRIDI
1197 1262 1266 1297 DE
1303 1261 1485 1298 RYPON.

690 1334 830 1380 (LIBER
854 1335 985 1370 ALBUS
1010 1335 1340 1379 Surrrwnnmsrs,
1366 1346 1399 1381 p.
1429 1334 1526 1380 137.)

109 1441 175 1471 The
189 1442 235 1471 Ch
240 1451 292 1479 „p—
433 1413 642 1454 Omnibus
658 1414 823 1455 Sanctae
832 1416 985 1455 Matris
995 1415 1195 1455 Ecclesiae
1205 1416 1304 1455 filiis
1314 1416 1367 1455 ad
1375 1429 1480 1468 quos
1488 1418 1720 1469 praesentes
1734 1415 1869 1457 literae

108 1483 155 1509 ter
166 1481 200 1510 of
213 1481 311 1519 Ripon
344 1478 632 1531 pervenerint,
665 1477 911 1531 Capitulum
944 1479 1089 1519 Sancti
1110 1479 1299 1519 Wilfridi
1331 1479 1383 1519 de
1406 1479 1584 1532 Rypon’‚
1607 1479 1791 1520 salutem
1822 1481 1869 1520 in

107 1521 246 1588 fffissrffif
345 1539 540 1580 Domino.
600 1542 817 1582 Noveritis
857 1542 910 1582 ab
942 1543 1158 1583 Adestano
1198 1556 1299 1597 rege
1340 1547 1386 1582 et
1427 1543 1737 1583 successoribus
1779 1544 1867 1584 suis

108 1607 295 1668 {ffgssffzltiom
343 1605 513 1658 regibus
531 1606 695 1659 Angliae
712 1607 993 1659 imposterum
1013 1621 1261 1647 concessum
1277 1606 1408 1647 fuisse
1427 1610 1472 1647 et
1492 1607 1806 1659 confirmatum,
1821 1612 1867 1648 et

341 1682 365 1707 a
396 1669 667 1722 pontificibus
699 1671 901 1711 Romanae
933 1671 1129 1712 Ecclesiae
1165 1672 1481 1711 corroboratum
1514 1672 1605 1712 Deo
1635 1676 1677 1712 et
1711 1672 1866 1714 Sancto

340 1732 536 1773 wilfrido
568 1734 620 1774 de
655 1733 820 1788 Rypon’
847 1738 892 1774 et
922 1735 1120 1775 omnibus
1152 1735 1277 1790 legiis
1313 1735 1558 1775 hominibus
1593 1736 1680 1776 suis
1711 1736 1865 1777 liberas

338 1798 670 1838 consuetudines
701 1803 745 1838 et
775 1798 939 1852 regales
971 1799 1083 1838 infra
1113 1799 1279 1839 leucam
1311 1800 1422 1839 circa
1443 1799 1588 1839 villam
1609 1799 1662 1840 de
1684 1800 1864 1853 Rypon’,

338 1864 382 1899 et
403 1861 515 1913 quod
537 1862 793 1901 nominatim
815 1862 875 1902 ire
906 1862 1068 1902 debent
1097 1876 1172 1916 per
1203 1866 1338 1903 totam
1370 1863 1572 1917 Angliam
1593 1863 1639 1903 in
1670 1864 1864 1916 qualibet

336 1926 633 1977 negociacione
676 1939 751 1966 sua
791 1927 879 1966 sive
913 1940 987 1979 per
1027 1941 1182 1981 aquam
1224 1928 1311 1968 sive
1352 1941 1428 1980 per
1468 1931 1628 1967 terram
1661 1927 1786 1968 liberi
1817 1932 1863 1969 et

336 1988 473 2039 quieti
505 1989 557 2028 ab
599 1990 715 2028 omni
757 1991 907 2044 paagio
943 1991 1056 2043 quod
1090 1994 1264 2031 vocatur
1305 1989 1411 2032 thur
1451 1990 1539 2031 tol-¹
1622 1991 1684 2033 Ut
1715 1996 1862 2032 autem

336 2049 530 2091 homines
561 2053 685 2092 Beati
717 2054 903 2094 Wilfridi
932 2054 1161 2109 benignius
1194 2058 1238 2095 et
1266 2069 1364 2095 cum
1400 2054 1552 2109 majori
1584 2057 1861 2097 veneracione

337 2118 382 2153 et
416 2115 506 2155 sine
544 2117 659 2155 omni
696 2118 923 2158 vexacione
966 2119 1032 2158 sui
1066 2118 1133 2158 vel
1175 2119 1425 2159 catallorum
1466 2132 1641 2159 suorum
1676 2133 1701 2160 a
1741 2120 1860 2160 vobis

338 2179 634 2231 suscipiantur,
687 2181 791 2221 scire
842 2195 915 2222 vos
956 2182 1153 2222 volumus
1196 2186 1410 2222 statutum
1453 2196 1543 2223 esse
1594 2184 1639 2224 in
1682 2183 1860 2224 ecclesia

338 2247 479 2281 nostra
520 2244 837 2297 imperpetuum
879 2246 1059 2299 singulis
1111 2246 1261 2286 diebus
1313 2250 1399 2287 tres
1450 2247 1599 2287 missas
1641 2247 1859 2300 celebrari,

339 2304 500 2345 scilicet
532 2320 661 2346 unam
693 2310 865 2348 missam
897 2323 972 2362 pro
1005 2309 1141 2349 salute
1173 2310 1379 2360 vivorum,
1401 2314 1447 2350 et
1477 2311 1582 2350 duas
1612 2312 1760 2351 missas
1783 2325 1858 2365 pro

337 2367 557 2421 refrigerio
592 2370 889 2412 defunctorum
923 2374 1116 2413 omnium
1150 2375 1222 2426 qui
1256 2373 1410 2414 liberas
1452 2374 1639 2415 ecclesiae
1679 2389 1857 2415 consue-

338 2432 508 2471 tudines
544 2438 589 2471 et
624 2432 818 2475 homines
854 2437 975 2476 Beati
1011 2437 1198 2477 Wilfridi
1231 2439 1600 2489 manutenuerint,
1636 2442 1681 2479 et
1715 2439 1858 2493 aliqua

337 2493 539 2534 beneficia
563 2496 749 2537 ecclesiae
770 2504 924 2539 nostrae
947 2500 1089 2555 largiti
1113 2501 1289 2541 fuerint.
1351 2502 1466 2541 Hinc
1488 2505 1555 2542 est
1575 2503 1688 2555 quod
1708 2502 1858 2543 frater-

337 2558 516 2597 nitatem
540 2564 723 2600 vestram
755 2561 1021 2603 obsecramus
1054 2569 1099 2604 et
1129 2565 1174 2604 in
1208 2564 1376 2606 Christo
1397 2579 1594 2619 rogamus
1616 2567 1818 2620 quatinus
1835 2567 1853 2621 j

335 2619 550 2671 clericum,
573 2622 725 2677 ligium
748 2623 966 2666 hominem
999 2627 1122 2668 Beati
1143 2628 1346 2679 Wilfridi,
1368 2633 1412 2670 et
1433 2630 1648 2669 nutritum
1669 2630 1856 2671 ecclesiae

336 2688 503 2734 nostrae,
525 2686 578 2726 ob
598 2689 882 2728 reverenciam
906 2690 1027 2730 Beati
1049 2692 1251 2744 wilfridi,
1273 2694 1318 2733 in
1346 2694 1640 2734 remissionem
1662 2695 1855 2734 omnium

338 2753 606 2799 peccatorum
648 2755 900 2803 vestrorum,
942 2753 1126 2809 benigne
1167 2757 1409 2810 suscipiatis
1450 2758 1495 2797 in
1535 2758 1725 2812 negociis
1768 2759 1855 2798 suis

339 2811 626 2862 expediendis,
661 2818 702 2853 et
745 2816 789 2854 in
833 2816 950 2856 nullo
986 2820 1126 2858 vexari
1161 2821 1435 2872 permittatis.
1499 2820 1544 2862 Si
1579 2822 1675 2874 quis
1708 2825 1855 2861 autem

877 2913 931 2953 (l)
958 2913 1010 2948 isi.
1032 2918 1039 2932 ¹
1056 2915 1316 2961 through-toll)
