<?xml version="1.0" encoding="UTF-8"?>
<!DOCTYPE html PUBLIC "-//W3C//DTD XHTML 1.0 Transitional//EN"
    "http://www.w3.org/TR/xhtml1/DTD/xhtml1-transitional.dtd">
<html xmlns="http://www.w3.org/1999/xhtml" xml:lang="en" lang="en">
 <head>
  <title>
</title>
<meta http-equiv="Content-Type" content="text/html;charset=utf-8" />
  <meta name='ocr-system' content='tesseract 3.04.00' />
  <meta name='ocr-capabilities' content='ocr_page ocr_carea ocr_par ocr_line ocrx_word'/>
</head>
<body>
  <div class='ocr_page' id='page_1' title='image "./memorialsofchurc01fowl/memorialsofchurc01fowl_0231.png"; bbox 0 0 1935 3151; ppageno 0'>
   <div class='ocr_carea' id='block_1_1' title="bbox 559 143 1111 178">
    <p class='ocr_par' dir='ltr' id='par_1_1' title="bbox 559 143 1111 178">
     <span class='ocr_line' id='line_1_1' title="bbox 559 143 1111 178; baseline 0.002 -2"><span class='ocrx_word' id='word_1_1' title='bbox 559 143 786 176; x_wconf 73' lang='lat' dir='ltr'>ORIGINAL</span> <span class='ocrx_word' id='word_1_2' title='bbox 822 143 1111 178; x_wconf 79' lang='lat' dir='ltr'>DOCUMENTS.</span> 
     </span>
    </p>
   </div>
   <div class='ocr_carea' id='block_1_2' title="bbox 66 255 1608 1077">
    <p class='ocr_par' dir='ltr' id='par_1_2' title="bbox 66 255 1608 1077">
     <span class='ocr_line' id='line_1_2' title="bbox 66 255 1600 310; baseline 0 -13"><span class='ocrx_word' id='word_1_3' title='bbox 66 255 289 309; x_wconf 87' lang='lat' dir='ltr'>capellani.</span> <span class='ocrx_word' id='word_1_4' title='bbox 351 255 408 295; x_wconf 91' lang='lat' dir='ltr'>Et</span> <span class='ocrx_word' id='word_1_5' title='bbox 429 258 516 296; x_wconf 89' lang='lat' dir='ltr'>tres</span> <span class='ocrx_word' id='word_1_6' title='bbox 538 255 809 310; x_wconf 84' lang='lat' dir='ltr'>quadrigatas</span> <span class='ocrx_word' id='word_1_7' title='bbox 831 258 921 295; x_wconf 90' lang='lat' dir='ltr'>tam</span> <span class='ocrx_word' id='word_1_8' title='bbox 942 255 996 295; x_wconf 86' lang='lat' dir='ltr'>de</span> <span class='ocrx_word' id='word_1_9' title='bbox 1019 257 1152 309; x_wconf 85' lang='lat' dir='ltr'>spinis</span> <span class='ocrx_word' id='word_1_10' title='bbox 1174 270 1302 310; x_wconf 88' lang='lat' dir='ltr'>quam</span> <span class='ocrx_word' id='word_1_11' title='bbox 1324 257 1376 297; x_wconf 91' lang='lat' dir='ltr'>de</span> <span class='ocrx_word' id='word_1_12' title='bbox 1398 258 1526 297; x_wconf 90' lang='lat' dir='ltr'>ramis</span> <span class='ocrx_word' id='word_1_13' title='bbox 1547 257 1600 297; x_wconf 90' lang='lat' dir='ltr'>ad</span> 
     </span>
     <span class='ocr_line' id='line_1_3' title="bbox 69 319 1601 375; baseline 0.001 -16"><span class='ocrx_word' id='word_1_14' title='bbox 69 333 192 373; x_wconf 83' lang='lat' dir='ltr'>sepes</span> <span class='ocrx_word' id='word_1_15' title='bbox 225 319 367 359; x_wconf 90' lang='lat' dir='ltr'>eidem</span> <span class='ocrx_word' id='word_1_16' title='bbox 401 333 475 372; x_wconf 92' lang='lat' dir='ltr'>per</span> <span class='ocrx_word' id='word_1_17' title='bbox 511 333 687 360; x_wconf 86' lang='lat' dir='ltr'>annum.</span> <span class='ocrx_word' id='word_1_18' title='bbox 750 320 854 359; x_wconf 85' lang='lat' dir='ltr'>Haec</span> <span class='ocrx_word' id='word_1_19' title='bbox 887 321 1043 370; x_wconf 84' lang='lat' dir='ltr'>omnia,</span> <span class='ocrx_word' id='word_1_20' title='bbox 1066 321 1178 361; x_wconf 89' lang='lat' dir='ltr'>sicut</span> <span class='ocrx_word' id='word_1_21' title='bbox 1212 322 1408 374; x_wconf 89' lang='lat' dir='ltr'>superius</span> <span class='ocrx_word' id='word_1_22' title='bbox 1446 322 1601 375; x_wconf 81' lang='lat' dir='ltr'>scripta</span> 
     </span>
     <span class='ocr_line' id='line_1_4' title="bbox 70 381 1604 438; baseline 0.001 -16"><span class='ocrx_word' id='word_1_23' title='bbox 70 387 173 423; x_wconf 89' lang='lat' dir='ltr'>sunt</span> <span class='ocrx_word' id='word_1_24' title='bbox 195 386 240 422; x_wconf 86' lang='lat' dir='ltr'>et</span> <span class='ocrx_word' id='word_1_25' title='bbox 260 383 490 436; x_wconf 82' lang='lat' dir='ltr'>assignata,</span> <span class='ocrx_word' id='word_1_26' title='bbox 512 396 591 436; x_wconf 84' lang='lat' dir='ltr'>ego</span> <span class='ocrx_word' id='word_1_27' title='bbox 614 383 805 436; x_wconf 88' lang='lat' dir='ltr'>Rogerus</span> <span class='ocrx_word' id='word_1_28' title='bbox 828 387 873 423; x_wconf 83' lang='lat' dir='ltr'>et</span> <span class='ocrx_word' id='word_1_29' title='bbox 894 381 1083 424; x_wconf 83' lang='lat' dir='ltr'>haeredes</span> <span class='ocrx_word' id='word_1_30' title='bbox 1105 386 1191 424; x_wconf 89' lang='lat' dir='ltr'>mei</span> <span class='ocrx_word' id='word_1_31' title='bbox 1213 385 1361 434; x_wconf 89' lang='lat' dir='ltr'>libere,</span> <span class='ocrx_word' id='word_1_32' title='bbox 1378 385 1540 438; x_wconf 89' lang='lat' dir='ltr'>quiete,</span> <span class='ocrx_word' id='word_1_33' title='bbox 1559 389 1604 424; x_wconf 88' lang='lat' dir='ltr'>et</span> 
     </span>
     <span class='ocr_line' id='line_1_5' title="bbox 69 445 1605 499; baseline 0.002 -14"><span class='ocrx_word' id='word_1_34' title='bbox 69 445 312 495; x_wconf 88' lang='lat' dir='ltr'>honorifice,</span> <span class='ocrx_word' id='word_1_35' title='bbox 323 459 421 485; x_wconf 92' lang='lat' dir='ltr'>cum</span> <span class='ocrx_word' id='word_1_36' title='bbox 436 447 634 486; x_wconf 92' lang='lat' dir='ltr'>omnibus</span> <span class='ocrx_word' id='word_1_37' title='bbox 648 447 924 499; x_wconf 81' lang='lat' dir='ltr'>pertinenciis</span> <span class='ocrx_word' id='word_1_38' title='bbox 939 450 981 486; x_wconf 92' lang='lat' dir='ltr'>et</span> <span class='ocrx_word' id='word_1_39' title='bbox 997 447 1269 488; x_wconf 80' lang='lat' dir='ltr'>libertatibus</span> <span class='ocrx_word' id='word_1_40' title='bbox 1284 451 1328 488; x_wconf 89' lang='lat' dir='ltr'>et</span> <span class='ocrx_word' id='word_1_41' title='bbox 1340 450 1605 498; x_wconf 80' lang='lat' dir='ltr'>asiamentis‚</span> 
     </span>
     <span class='ocr_line' id='line_1_6' title="bbox 71 509 1604 561; baseline 0.003 -13"><span class='ocrx_word' id='word_1_42' title='bbox 71 510 116 549; x_wconf 91' lang='lat' dir='ltr'>in</span> <span class='ocrx_word' id='word_1_43' title='bbox 146 509 345 549; x_wconf 88' lang='lat' dir='ltr'>omnibus</span> <span class='ocrx_word' id='word_1_44' title='bbox 376 509 479 549; x_wconf 89' lang='lat' dir='ltr'>locis</span> <span class='ocrx_word' id='word_1_45' title='bbox 508 510 620 550; x_wconf 85' lang='lat' dir='ltr'>infra</span> <span class='ocrx_word' id='word_1_46' title='bbox 649 510 792 550; x_wconf 90' lang='lat' dir='ltr'>villam</span> <span class='ocrx_word' id='word_1_47' title='bbox 820 513 865 549; x_wconf 89' lang='lat' dir='ltr'>et</span> <span class='ocrx_word' id='word_1_48' title='bbox 889 514 1023 561; x_wconf 77' lang='lat' dir='ltr'>extra,</span> <span class='ocrx_word' id='word_1_49' title='bbox 1052 516 1199 552; x_wconf 90' lang='lat' dir='ltr'>contra</span> <span class='ocrx_word' id='word_1_50' title='bbox 1233 526 1380 552; x_wconf 90' lang='lat' dir='ltr'>omnes</span> <span class='ocrx_word' id='word_1_51' title='bbox 1408 511 1604 552; x_wconf 87' lang='lat' dir='ltr'>homines</span> 
     </span>
     <span class='ocr_line' id='line_1_7' title="bbox 71 573 1606 629; baseline 0.003 -17"><span class='ocrx_word' id='word_1_52' title='bbox 71 573 490 627; x_wconf 86' lang='lat' dir='ltr'>guarentyzabimus.</span> <span class='ocrx_word' id='word_1_53' title='bbox 551 574 610 613; x_wconf 90' lang='lat' dir='ltr'>Et</span> <span class='ocrx_word' id='word_1_54' title='bbox 630 578 836 627; x_wconf 80' lang='lat' dir='ltr'>praeterea</span> <span class='ocrx_word' id='word_1_55' title='bbox 859 575 1080 614; x_wconf 88' lang='lat' dir='ltr'>sciendum</span> <span class='ocrx_word' id='word_1_56' title='bbox 1104 580 1169 615; x_wconf 88' lang='lat' dir='ltr'>est</span> <span class='ocrx_word' id='word_1_57' title='bbox 1191 577 1303 629; x_wconf 89' lang='lat' dir='ltr'>quod</span> <span class='ocrx_word' id='word_1_58' title='bbox 1327 577 1474 616; x_wconf 87' lang='lat' dir='ltr'>statim</span> <span class='ocrx_word' id='word_1_59' title='bbox 1496 575 1606 615; x_wconf 86' lang='lat' dir='ltr'>infra</span> 
     </span>
     <span class='ocr_line' id='line_1_8' title="bbox 72 637 1606 693; baseline 0.001 -17"><span class='ocrx_word' id='word_1_60' title='bbox 72 637 354 690; x_wconf 84' lang='lat' dir='ltr'>quadraginta</span> <span class='ocrx_word' id='word_1_61' title='bbox 376 637 468 676; x_wconf 92' lang='lat' dir='ltr'>dies</span> <span class='ocrx_word' id='word_1_62' title='bbox 491 641 587 690; x_wconf 88' lang='lat' dir='ltr'>post</span> <span class='ocrx_word' id='word_1_63' title='bbox 607 638 829 677; x_wconf 87' lang='lat' dir='ltr'>decessum</span> <span class='ocrx_word' id='word_1_64' title='bbox 852 637 919 677; x_wconf 81' lang='lat' dir='ltr'>vel</span> <span class='ocrx_word' id='word_1_65' title='bbox 941 639 1040 678; x_wconf 84' lang='lat' dir='ltr'>vitae</span> <span class='ocrx_word' id='word_1_66' title='bbox 1061 640 1353 680; x_wconf 84' lang='lat' dir='ltr'>mutacionem</span> <span class='ocrx_word' id='word_1_67' title='bbox 1384 640 1606 693; x_wconf 88' lang='lat' dir='ltr'>capellani,</span> 
     </span>
     <span class='ocr_line' id='line_1_9' title="bbox 72 700 1606 754; baseline 0.003 -15"><span class='ocrx_word' id='word_1_68' title='bbox 72 714 153 754; x_wconf 87' lang='lat' dir='ltr'>ego</span> <span class='ocrx_word' id='word_1_69' title='bbox 186 700 379 753; x_wconf 82' lang='lat' dir='ltr'>Rogerus</span> <span class='ocrx_word' id='word_1_70' title='bbox 411 701 478 740; x_wconf 88' lang='lat' dir='ltr'>vel</span> <span class='ocrx_word' id='word_1_71' title='bbox 511 700 700 741; x_wconf 76' lang='lat' dir='ltr'>haeredes</span> <span class='ocrx_word' id='word_1_72' title='bbox 733 702 819 741; x_wconf 89' lang='lat' dir='ltr'>mei</span> <span class='ocrx_word' id='word_1_73' title='bbox 853 701 987 741; x_wconf 91' lang='lat' dir='ltr'>alium</span> <span class='ocrx_word' id='word_1_74' title='bbox 1019 707 1273 744; x_wconf 82' lang='lat' dir='ltr'>statuemus.</span> <span class='ocrx_word' id='word_1_75' title='bbox 1335 704 1393 743; x_wconf 89' lang='lat' dir='ltr'>Et</span> <span class='ocrx_word' id='word_1_76' title='bbox 1419 705 1454 743; x_wconf 93' lang='lat' dir='ltr'>si</span> <span class='ocrx_word' id='word_1_77' title='bbox 1480 703 1606 754; x_wconf 88' lang='lat' dir='ltr'>forte,</span> 
     </span>
     <span class='ocr_line' id='line_1_10' title="bbox 72 763 1607 820; baseline 0.003 -17"><span class='ocrx_word' id='word_1_78' title='bbox 72 764 186 817; x_wconf 93' lang='lat' dir='ltr'>quod</span> <span class='ocrx_word' id='word_1_79' title='bbox 218 764 343 813; x_wconf 87' lang='lat' dir='ltr'>absit,</span> <span class='ocrx_word' id='word_1_80' title='bbox 366 765 479 817; x_wconf 93' lang='lat' dir='ltr'>quod</span> <span class='ocrx_word' id='word_1_81' title='bbox 512 764 666 818; x_wconf 92' lang='lat' dir='ltr'>aliquis</span> <span class='ocrx_word' id='word_1_82' title='bbox 700 763 919 805; x_wconf 78' lang='lat' dir='ltr'>haeredum</span> <span class='ocrx_word' id='word_1_83' title='bbox 955 779 1149 806; x_wconf 90' lang='lat' dir='ltr'>meorum</span> <span class='ocrx_word' id='word_1_84' title='bbox 1185 766 1285 807; x_wconf 91' lang='lat' dir='ltr'>huic</span> <span class='ocrx_word' id='word_1_85' title='bbox 1321 767 1433 808; x_wconf 70' lang='lat' dir='ltr'>facto</span> <span class='ocrx_word' id='word_1_86' title='bbox 1463 767 1607 820; x_wconf 90' lang='lat' dir='ltr'>aliquo</span> 
     </span>
     <span class='ocr_line' id='line_1_11' title="bbox 73 829 1607 884; baseline 0.003 -18"><span class='ocrx_word' id='word_1_87' title='bbox 73 832 266 880; x_wconf 88' lang='lat' dir='ltr'>tempore</span> <span class='ocrx_word' id='word_1_88' title='bbox 298 829 508 867; x_wconf 89' lang='lat' dir='ltr'>contraire</span> <span class='ocrx_word' id='word_1_89' title='bbox 539 829 877 881; x_wconf 80' lang='lat' dir='ltr'>attemptaverit,</span> <span class='ocrx_word' id='word_1_90' title='bbox 901 830 1049 869; x_wconf 90' lang='lat' dir='ltr'>statim</span> <span class='ocrx_word' id='word_1_91' title='bbox 1080 844 1157 883; x_wconf 92' lang='lat' dir='ltr'>per</span> <span class='ocrx_word' id='word_1_92' title='bbox 1188 831 1427 884; x_wconf 87' lang='lat' dir='ltr'>capitulum</span> <span class='ocrx_word' id='word_1_93' title='bbox 1460 831 1607 872; x_wconf 81' lang='lat' dir='ltr'>Sancti</span> 
     </span>
     <span class='ocr_line' id='line_1_12' title="bbox 73 891 1607 944; baseline 0.005 -15"><span class='ocrx_word' id='word_1_94' title='bbox 73 891 263 930; x_wconf 89' lang='lat' dir='ltr'>Wilfridi</span> <span class='ocrx_word' id='word_1_95' title='bbox 304 891 357 931; x_wconf 91' lang='lat' dir='ltr'>de</span> <span class='ocrx_word' id='word_1_96' title='bbox 399 891 566 944; x_wconf 86' lang='lat' dir='ltr'>Ripon’,</span> <span class='ocrx_word' id='word_1_97' title='bbox 609 893 737 932; x_wconf 89' lang='lat' dir='ltr'>simul</span> <span class='ocrx_word' id='word_1_98' title='bbox 773 906 872 932; x_wconf 90' lang='lat' dir='ltr'>cum</span> <span class='ocrx_word' id='word_1_99' title='bbox 913 894 1090 933; x_wconf 91' lang='lat' dir='ltr'>consilio</span> <span class='ocrx_word' id='word_1_100' title='bbox 1132 895 1293 934; x_wconf 90' lang='lat' dir='ltr'>domini</span> <span class='ocrx_word' id='word_1_101' title='bbox 1335 895 1512 935; x_wconf 86' lang='lat' dir='ltr'>Abbatis</span> <span class='ocrx_word' id='word_1_102' title='bbox 1554 896 1607 936; x_wconf 90' lang='lat' dir='ltr'>de</span> 
     </span>
     <span class='ocr_line' id='line_1_13' title="bbox 74 954 1608 1009; baseline 0.004 -16"><span class='ocrx_word' id='word_1_103' title='bbox 74 954 300 1004; x_wconf 85' lang='lat' dir='ltr'>Gerevall’‚</span> <span class='ocrx_word' id='word_1_104' title='bbox 322 955 564 1008; x_wconf 84' lang='lat' dir='ltr'>capellanus</span> <span class='ocrx_word' id='word_1_105' title='bbox 596 956 758 995; x_wconf 89' lang='lat' dir='ltr'>ibidem</span> <span class='ocrx_word' id='word_1_106' title='bbox 791 959 1019 997; x_wconf 80' lang='lat' dir='ltr'>statuatur.</span> <span class='ocrx_word' id='word_1_107' title='bbox 1084 958 1181 998; x_wconf 92' lang='lat' dir='ltr'>Hiis</span> <span class='ocrx_word' id='word_1_108' title='bbox 1213 958 1413 1009; x_wconf 88' lang='lat' dir='ltr'>testibus,</span> <span class='ocrx_word' id='word_1_109' title='bbox 1436 960 1608 999; x_wconf 89' lang='lat' dir='ltr'>domino</span> 
     </span>
     <span class='ocr_line' id='line_1_14' title="bbox 73 1018 1608 1077; baseline 0.004 -20"><span class='ocrx_word' id='word_1_110' title='bbox 73 1018 209 1057; x_wconf 89' lang='lat' dir='ltr'>Alano</span> <span class='ocrx_word' id='word_1_111' title='bbox 229 1019 456 1071; x_wconf 80' lang='lat' dir='ltr'>praeposito</span> <span class='ocrx_word' id='word_1_112' title='bbox 478 1018 695 1059; x_wconf 86' lang='lat' dir='ltr'>Beverlaci</span> <span class='ocrx_word' id='word_1_113' title='bbox 715 1034 726 1068; x_wconf 84' lang='lat'><em>3</em></span> <span class='ocrx_word' id='word_1_114' title='bbox 757 1021 974 1074; x_wconf 77' lang='lat' dir='ltr'>magistris</span> <span class='ocrx_word' id='word_1_115' title='bbox 996 1021 1112 1062; x_wconf 82' lang='lat' dir='ltr'>Will.</span> <span class='ocrx_word' id='word_1_116' title='bbox 1135 1022 1188 1062; x_wconf 87' lang='lat' dir='ltr'>de</span> <span class='ocrx_word' id='word_1_117' title='bbox 1211 1022 1401 1077; x_wconf 87' lang='lat' dir='ltr'>Gillinge</span> <span class='ocrx_word' id='word_1_118' title='bbox 1425 1027 1469 1062; x_wconf 91' lang='lat' dir='ltr'>et</span> <span class='ocrx_word' id='word_1_119' title='bbox 1491 1023 1608 1063; x_wconf 79' lang='lat' dir='ltr'>will.</span> 
     </span>
    </p>
   </div>
   <div class='ocr_carea' id='block_1_3' title="bbox 75 1081 1610 1201">
    <p class='ocr_par' dir='ltr' id='par_1_3' title="bbox 75 1081 1610 1201">
     <span class='ocr_line' id='line_1_15' title="bbox 75 1081 1610 1139; baseline 0.004 -18"><span class='ocrx_word' id='word_1_120' title='bbox 75 1082 128 1121; x_wconf 90' lang='lat' dir='ltr'>de</span> <span class='ocrx_word' id='word_1_121' title='bbox 152 1081 333 1132; x_wconf 89' lang='lat' dir='ltr'>Orleins,</span> <span class='ocrx_word' id='word_1_122' title='bbox 365 1083 580 1122; x_wconf 89' lang='lat' dir='ltr'>canonicis</span> <span class='ocrx_word' id='word_1_123' title='bbox 598 1098 608 1132; x_wconf 94' lang='lat'>;</span> <span class='ocrx_word' id='word_1_124' title='bbox 641 1082 871 1136; x_wconf 87' lang='lat' dir='ltr'>Stephano,</span> <span class='ocrx_word' id='word_1_125' title='bbox 903 1084 1105 1139; x_wconf 88' lang='lat' dir='ltr'>Hugone,</span> <span class='ocrx_word' id='word_1_126' title='bbox 1138 1085 1374 1137; x_wconf 86' lang='lat' dir='ltr'>Gileberto,</span> <span class='ocrx_word' id='word_1_127' title='bbox 1397 1087 1610 1137; x_wconf 88' lang='lat' dir='ltr'>Hubert0‚</span> 
     </span>
     <span class='ocr_line' id='line_1_16' title="bbox 76 1144 1110 1201; baseline 0.004 -16"><span class='ocrx_word' id='word_1_128' title='bbox 76 1144 326 1196; x_wconf 89' lang='lat' dir='ltr'>Guillelmo,</span> <span class='ocrx_word' id='word_1_129' title='bbox 348 1146 549 1197; x_wconf 86' lang='lat' dir='ltr'>Roberto,</span> <span class='ocrx_word' id='word_1_130' title='bbox 572 1147 814 1200; x_wconf 86' lang='lat' dir='ltr'>capellanis,</span> <span class='ocrx_word' id='word_1_131' title='bbox 837 1151 882 1188; x_wconf 89' lang='lat' dir='ltr'>et</span> <span class='ocrx_word' id='word_1_132' title='bbox 901 1148 1110 1201; x_wconf 91' lang='lat' dir='ltr'>pluribus.</span> 
     </span>
    </p>
   </div>
   <div class='ocr_carea' id='block_1_4' title="bbox 373 1320 1320 1442">
    <p class='ocr_par' dir='ltr' id='par_1_4' title="bbox 373 1320 1320 1442">
     <span class='ocr_line' id='line_1_17' title="bbox 373 1320 1320 1358; baseline 0.002 -3"><span class='ocrx_word' id='word_1_133' title='bbox 373 1320 450 1356; x_wconf 86' lang='lat' dir='ltr'>CX.</span> <span class='ocrx_word' id='word_1_134' title='bbox 486 1320 870 1356; x_wconf 78' lang='lat' dir='ltr'>CONFIRMATION</span> <span class='ocrx_word' id='word_1_135' title='bbox 902 1322 965 1357; x_wconf 86' lang='lat' dir='ltr'>OF</span> <span class='ocrx_word' id='word_1_136' title='bbox 999 1322 1103 1357; x_wconf 89' lang='lat' dir='ltr'>THE</span> <span class='ocrx_word' id='word_1_137' title='bbox 1138 1323 1320 1358; x_wconf 86' lang='lat' dir='ltr'><strong>ABOVE.</strong></span> 
     </span>
     <span class='ocr_line' id='line_1_18' title="bbox 581 1395 1122 1442; baseline 0.002 -13"><span class='ocrx_word' id='word_1_138' title='bbox 581 1395 871 1440; x_wconf 73' lang='lat' dir='ltr'>(DARNBROUGH</span> <span class='ocrx_word' id='word_1_139' title='bbox 896 1395 975 1431; x_wconf 88' lang='lat' dir='ltr'>MS.</span> <span class='ocrx_word' id='word_1_140' title='bbox 1002 1396 1122 1442; x_wconf 81' lang='lat' dir='ltr'>xxix.)</span> 
     </span>
    </p>
   </div>
   <div class='ocr_carea' id='block_1_5' title="bbox 79 1474 1627 2932">
    <p class='ocr_par' dir='ltr' id='par_1_5' title="bbox 79 1474 1627 2932">
     <span class='ocr_line' id='line_1_19' title="bbox 167 1474 1614 1534; baseline 0.003 -18"><span class='ocrx_word' id='word_1_141' title='bbox 167 1475 390 1516; x_wconf 88' lang='lat' dir='ltr'>Universis</span> <span class='ocrx_word' id='word_1_142' title='bbox 423 1474 583 1516; x_wconf 89' lang='lat' dir='ltr'>Christi</span> <span class='ocrx_word' id='word_1_143' title='bbox 614 1475 812 1516; x_wconf 91' lang='lat' dir='ltr'>fidelibus</span> <span class='ocrx_word' id='word_1_144' title='bbox 843 1476 897 1516; x_wconf 92' lang='lat' dir='ltr'>ad</span> <span class='ocrx_word' id='word_1_145' title='bbox 926 1490 1030 1530; x_wconf 91' lang='lat' dir='ltr'>quos</span> <span class='ocrx_word' id='word_1_146' title='bbox 1062 1492 1247 1531; x_wconf 88' lang='lat' dir='ltr'>praesens</span> <span class='ocrx_word' id='word_1_147' title='bbox 1281 1480 1487 1533; x_wconf 87' lang='lat' dir='ltr'>scriptum</span> <span class='ocrx_word' id='word_1_148' title='bbox 1517 1494 1614 1534; x_wconf 92' lang='lat' dir='ltr'>per-</span> 
     </span>
     <span class='ocr_line' id='line_1_20' title="bbox 79 1538 1615 1595; baseline 0.004 -16"><span class='ocrx_word' id='word_1_149' title='bbox 79 1538 261 1589; x_wconf 87' lang='lat' dir='ltr'>venerit,</span> <span class='ocrx_word' id='word_1_150' title='bbox 302 1539 475 1579; x_wconf 87' lang='lat' dir='ltr'>domina</span> <span class='ocrx_word' id='word_1_151' title='bbox 514 1540 669 1579; x_wconf 83' lang='lat' dir='ltr'>Emma</span> <span class='ocrx_word' id='word_1_152' title='bbox 709 1541 761 1580; x_wconf 92' lang='lat' dir='ltr'>de</span> <span class='ocrx_word' id='word_1_153' title='bbox 803 1541 1120 1595; x_wconf 87' lang='lat' dir='ltr'>Asmunderby,</span> <span class='ocrx_word' id='word_1_154' title='bbox 1164 1543 1360 1584; x_wconf 86' lang='lat' dir='ltr'>salutem.</span> <span class='ocrx_word' id='word_1_155' title='bbox 1434 1545 1615 1585; x_wconf 85' lang='lat' dir='ltr'>Noverit</span> 
     </span>
     <span class='ocr_line' id='line_1_21' title="bbox 79 1604 1616 1657; baseline 0.003 -13"><span class='ocrx_word' id='word_1_156' title='bbox 79 1604 339 1644; x_wconf 83' lang='lat' dir='ltr'>universitas</span> <span class='ocrx_word' id='word_1_157' title='bbox 357 1606 499 1643; x_wconf 87' lang='lat' dir='ltr'>vestra</span> <span class='ocrx_word' id='word_1_158' title='bbox 514 1617 584 1643; x_wconf 89' lang='lat' dir='ltr'>me</span> <span class='ocrx_word' id='word_1_159' title='bbox 606 1604 773 1644; x_wconf 83' lang='lat' dir='ltr'>Divinae</span> <span class='ocrx_word' id='word_1_160' title='bbox 794 1605 968 1657; x_wconf 86' lang='lat' dir='ltr'>pietatis</span> <span class='ocrx_word' id='word_1_161' title='bbox 989 1605 1171 1656; x_wconf 91' lang='lat' dir='ltr'>intuitu,</span> <span class='ocrx_word' id='word_1_162' title='bbox 1188 1620 1366 1647; x_wconf 90' lang='lat' dir='ltr'>assensu</span> <span class='ocrx_word' id='word_1_163' title='bbox 1379 1611 1425 1647; x_wconf 89' lang='lat' dir='ltr'>et</span> <span class='ocrx_word' id='word_1_164' title='bbox 1440 1608 1616 1648; x_wconf 87' lang='lat' dir='ltr'>consilio</span> 
     </span>
     <span class='ocr_line' id='line_1_22' title="bbox 81 1667 1616 1722; baseline 0.002 -14"><span class='ocrx_word' id='word_1_165' title='bbox 81 1667 259 1722; x_wconf 85' lang='lat' dir='ltr'>capituli</span> <span class='ocrx_word' id='word_1_166' title='bbox 280 1667 552 1720; x_wconf 88' lang='lat' dir='ltr'>Riponensis,</span> <span class='ocrx_word' id='word_1_167' title='bbox 574 1668 834 1707; x_wconf 89' lang='lat' dir='ltr'>concessisse</span> <span class='ocrx_word' id='word_1_168' title='bbox 865 1671 909 1708; x_wconf 93' lang='lat' dir='ltr'>et</span> <span class='ocrx_word' id='word_1_169' title='bbox 940 1667 1018 1708; x_wconf 88' lang='lat' dir='ltr'>hac</span> <span class='ocrx_word' id='word_1_170' title='bbox 1043 1670 1245 1722; x_wconf 79' lang='lat' dir='ltr'>praesenti</span> <span class='ocrx_word' id='word_1_171' title='bbox 1266 1674 1381 1710; x_wconf 87' lang='lat' dir='ltr'>carta</span> <span class='ocrx_word' id='word_1_172' title='bbox 1401 1685 1496 1711; x_wconf 89' lang='lat' dir='ltr'>mea</span> <span class='ocrx_word' id='word_1_173' title='bbox 1517 1685 1616 1711; x_wconf 91' lang='lat' dir='ltr'>con-</span> 
     </span>
     <span class='ocr_line' id='line_1_23' title="bbox 81 1731 1616 1788; baseline 0.002 -16"><span class='ocrx_word' id='word_1_174' title='bbox 81 1732 315 1772; x_wconf 86' lang='lat' dir='ltr'>firmavisse</span> <span class='ocrx_word' id='word_1_175' title='bbox 341 1731 521 1785; x_wconf 83' lang='lat' dir='ltr'>Rogero,</span> <span class='ocrx_word' id='word_1_176' title='bbox 546 1731 763 1784; x_wconf 85' lang='lat' dir='ltr'>capellano</span> <span class='ocrx_word' id='word_1_177' title='bbox 793 1732 845 1772; x_wconf 91' lang='lat' dir='ltr'>de</span> <span class='ocrx_word' id='word_1_178' title='bbox 875 1732 1043 1786; x_wconf 79' lang='lat' dir='ltr'>Ripon&#39;,</span> <span class='ocrx_word' id='word_1_179' title='bbox 1065 1736 1203 1773; x_wconf 88' lang='lat' dir='ltr'>totam</span> <span class='ocrx_word' id='word_1_180' title='bbox 1229 1734 1347 1773; x_wconf 89' lang='lat' dir='ltr'>illam</span> <span class='ocrx_word' id='word_1_181' title='bbox 1372 1736 1616 1788; x_wconf 89' lang='lat' dir='ltr'>porcionem</span> 
     </span>
     <span class='ocr_line' id='line_1_24' title="bbox 82 1795 1617 1849; baseline 0.002 -13"><span class='ocrx_word' id='word_1_182' title='bbox 82 1795 242 1848; x_wconf 86' lang='lat' dir='ltr'>absque</span> <span class='ocrx_word' id='word_1_183' title='bbox 273 1795 562 1835; x_wconf 79' lang='lat' dir='ltr'>retinemento</span> <span class='ocrx_word' id='word_1_184' title='bbox 592 1808 721 1848; x_wconf 88' lang='lat' dir='ltr'>quam</span> <span class='ocrx_word' id='word_1_185' title='bbox 752 1795 944 1849; x_wconf 86' lang='lat' dir='ltr'>Rogerus</span> <span class='ocrx_word' id='word_1_186' title='bbox 976 1796 1091 1836; x_wconf 91' lang='lat' dir='ltr'>filius</span> <span class='ocrx_word' id='word_1_187' title='bbox 1123 1797 1310 1848; x_wconf 90' lang='lat' dir='ltr'>Radulfi,</span> <span class='ocrx_word' id='word_1_188' title='bbox 1341 1799 1540 1839; x_wconf 92' lang='lat' dir='ltr'>dominus</span> <span class='ocrx_word' id='word_1_189' title='bbox 1572 1804 1617 1839; x_wconf 89' lang='lat' dir='ltr'>et</span> 
     </span>
     <span class='ocr_line' id='line_1_25' title="bbox 82 1858 1617 1917; baseline 0.003 -18"><span class='ocrx_word' id='word_1_190' title='bbox 82 1860 148 1899; x_wconf 83' lang='lat' dir='ltr'>vir</span> <span class='ocrx_word' id='word_1_191' title='bbox 180 1872 317 1908; x_wconf 91' lang='lat' dir='ltr'>meus,</span> <span class='ocrx_word' id='word_1_192' title='bbox 353 1858 475 1898; x_wconf 86' lang='lat' dir='ltr'>dedit</span> <span class='ocrx_word' id='word_1_193' title='bbox 508 1862 553 1898; x_wconf 91' lang='lat' dir='ltr'>et</span> <span class='ocrx_word' id='word_1_194' title='bbox 588 1859 825 1913; x_wconf 84' lang='lat' dir='ltr'>assignavit</span> <span class='ocrx_word' id='word_1_195' title='bbox 866 1860 1037 1913; x_wconf 88' lang='lat' dir='ltr'>capellae</span> <span class='ocrx_word' id='word_1_196' title='bbox 1079 1874 1164 1901; x_wconf 85' lang='lat' dir='ltr'>suae</span> <span class='ocrx_word' id='word_1_197' title='bbox 1205 1861 1259 1901; x_wconf 91' lang='lat' dir='ltr'>de</span> <span class='ocrx_word' id='word_1_198' title='bbox 1301 1863 1617 1917; x_wconf 80' lang='lat' dir='ltr'>Asmunderhy,</span> 
     </span>
     <span class='ocr_line' id='line_1_26' title="bbox 83 1923 1619 1978; baseline 0.002 -15"><span class='ocrx_word' id='word_1_199' title='bbox 83 1923 286 1964; x_wconf 87' lang='lat' dir='ltr'>videlicet</span> <span class='ocrx_word' id='word_1_200' title='bbox 315 1923 368 1963; x_wconf 91' lang='lat' dir='ltr'>ad</span> <span class='ocrx_word' id='word_1_201' title='bbox 400 1923 764 1962; x_wconf 88' lang='lat' dir='ltr'>sustentacionem</span> <span class='ocrx_word' id='word_1_202' title='bbox 795 1924 1128 1964; x_wconf 88' lang='lat' dir='ltr'>ministracionis</span> <span class='ocrx_word' id='word_1_203' title='bbox 1159 1925 1367 1978; x_wconf 90' lang='lat' dir='ltr'>capellani</span> <span class='ocrx_word' id='word_1_204' title='bbox 1400 1930 1445 1966; x_wconf 90' lang='lat' dir='ltr'>et</span> <span class='ocrx_word' id='word_1_205' title='bbox 1475 1927 1619 1967; x_wconf 83' lang='lat' dir='ltr'>clerici</span> 
     </span>
     <span class='ocr_line' id='line_1_27' title="bbox 83 1985 1619 2038; baseline 0.003 -13"><span class='ocrx_word' id='word_1_206' title='bbox 83 1986 245 2026; x_wconf 85' lang='lat' dir='ltr'>ibidem</span> <span class='ocrx_word' id='word_1_207' title='bbox 282 1986 373 2025; x_wconf 90' lang='lat' dir='ltr'>Deo</span> <span class='ocrx_word' id='word_1_208' title='bbox 407 1989 452 2025; x_wconf 92' lang='lat' dir='ltr'>et</span> <span class='ocrx_word' id='word_1_209' title='bbox 487 1985 642 2026; x_wconf 83' lang='lat' dir='ltr'>Sancto</span> <span class='ocrx_word' id='word_1_210' title='bbox 675 1985 865 2026; x_wconf 82' lang='lat' dir='ltr'>Johanni</span> <span class='ocrx_word' id='word_1_211' title='bbox 896 1985 1076 2027; x_wconf 86' lang='lat' dir='ltr'>honeste</span> <span class='ocrx_word' id='word_1_212' title='bbox 1109 1989 1419 2038; x_wconf 86' lang='lat' dir='ltr'>serviencium3</span> <span class='ocrx_word' id='word_1_213' title='bbox 1454 1990 1619 2030; x_wconf 88' lang='lat' dir='ltr'>scilicet</span> 
     </span>
     <span class='ocr_line' id='line_1_28' title="bbox 85 2049 1618 2094; baseline 0.003 -4"><span class='ocrx_word' id='word_1_214' title='bbox 85 2050 305 2090; x_wconf 88' lang='lat' dir='ltr'>redditum</span> <span class='ocrx_word' id='word_1_215' title='bbox 338 2049 551 2089; x_wconf 85' lang='lat' dir='ltr'>sexdecim</span> <span class='ocrx_word' id='word_1_216' title='bbox 586 2049 817 2089; x_wconf 90' lang='lat' dir='ltr'>solidorum</span> <span class='ocrx_word' id='word_1_217' title='bbox 858 2050 911 2090; x_wconf 91' lang='lat' dir='ltr'>de</span> <span class='ocrx_word' id='word_1_218' title='bbox 953 2051 1133 2091; x_wconf 90' lang='lat' dir='ltr'>dimidia</span> <span class='ocrx_word' id='word_1_219' title='bbox 1172 2056 1367 2093; x_wconf 86' lang='lat' dir='ltr'>carucata</span> <span class='ocrx_word' id='word_1_220' title='bbox 1407 2057 1532 2094; x_wconf 88' lang='lat' dir='ltr'>terrae</span> <span class='ocrx_word' id='word_1_221' title='bbox 1572 2055 1618 2093; x_wconf 88' lang='lat' dir='ltr'>in</span> 
     </span>
     <span class='ocr_line' id='line_1_29' title="bbox 87 2112 1618 2168; baseline 0.003 -14"><span class='ocrx_word' id='word_1_222' title='bbox 87 2112 378 2168; x_wconf 88' lang='lat' dir='ltr'>Markingfeld</span> <span class='ocrx_word' id='word_1_223' title='bbox 399 2127 473 2166; x_wconf 91' lang='lat' dir='ltr'>per</span> <span class='ocrx_word' id='word_1_224' title='bbox 500 2126 663 2152; x_wconf 83' lang='lat' dir='ltr'>annum</span> <span class='ocrx_word' id='word_1_225' title='bbox 684 2127 813 2166; x_wconf 90' lang='lat' dir='ltr'>quam</span> <span class='ocrx_word' id='word_1_226' title='bbox 835 2113 1088 2155; x_wconf 86' lang='lat' dir='ltr'>Gaulfridus</span> <span class='ocrx_word' id='word_1_227' title='bbox 1111 2115 1226 2155; x_wconf 91' lang='lat' dir='ltr'>filius</span> <span class='ocrx_word' id='word_1_228' title='bbox 1248 2116 1367 2157; x_wconf 90' lang='lat' dir='ltr'>Petri</span> <span class='ocrx_word' id='word_1_229' title='bbox 1389 2116 1618 2158; x_wconf 89' lang='lat' dir='ltr'>Camerarii</span> 
     </span>
     <span class='ocr_line' id='line_1_30' title="bbox 86 2176 1620 2231; baseline 0.003 -14"><span class='ocrx_word' id='word_1_230' title='bbox 86 2180 238 2218; x_wconf 89' lang='lat' dir='ltr'>tenet:</span> <span class='ocrx_word' id='word_1_231' title='bbox 273 2181 317 2216; x_wconf 87' lang='lat' dir='ltr'>et</span> <span class='ocrx_word' id='word_1_232' title='bbox 356 2180 494 2216; x_wconf 87' lang='lat' dir='ltr'>totam</span> <span class='ocrx_word' id='word_1_233' title='bbox 535 2176 816 2216; x_wconf 87' lang='lat' dir='ltr'>medietatem</span> <span class='ocrx_word' id='word_1_234' title='bbox 848 2178 1086 2218; x_wconf 91' lang='lat' dir='ltr'>molendini</span> <span class='ocrx_word' id='word_1_235' title='bbox 1118 2179 1171 2218; x_wconf 92' lang='lat' dir='ltr'>de</span> <span class='ocrx_word' id='word_1_236' title='bbox 1209 2180 1362 2231; x_wconf 87' lang='lat' dir='ltr'>Ferke‚</span> <span class='ocrx_word' id='word_1_237' title='bbox 1395 2194 1493 2220; x_wconf 90' lang='lat' dir='ltr'>cum</span> <span class='ocrx_word' id='word_1_238' title='bbox 1528 2184 1620 2221; x_wconf 85' lang='lat' dir='ltr'>tota</span> 
     </span>
     <span class='ocr_line' id='line_1_31' title="bbox 89 2239 1620 2294; baseline 0.003 -13"><span class='ocrx_word' id='word_1_239' title='bbox 89 2240 260 2294; x_wconf 87' lang='lat' dir='ltr'>sequela</span> <span class='ocrx_word' id='word_1_240' title='bbox 295 2240 348 2280; x_wconf 93' lang='lat' dir='ltr'>de</span> <span class='ocrx_word' id='word_1_241' title='bbox 392 2239 570 2293; x_wconf 85' lang='lat' dir='ltr'>Stodley</span> <span class='ocrx_word' id='word_1_242' title='bbox 611 2240 791 2294; x_wconf 80' lang='lat' dir='ltr'>Rogem,</span> <span class='ocrx_word' id='word_1_243' title='bbox 838 2245 883 2281; x_wconf 92' lang='lat' dir='ltr'>et</span> <span class='ocrx_word' id='word_1_244' title='bbox 922 2255 1053 2281; x_wconf 91' lang='lat' dir='ltr'>unam</span> <span class='ocrx_word' id='word_1_245' title='bbox 1099 2241 1297 2283; x_wconf 88' lang='lat' dir='ltr'>bovatam</span> <span class='ocrx_word' id='word_1_246' title='bbox 1346 2247 1471 2284; x_wconf 79' lang='lat' dir='ltr'>terrae</span> <span class='ocrx_word' id='word_1_247' title='bbox 1521 2258 1620 2284; x_wconf 91' lang='lat' dir='ltr'>cum</span> 
     </span>
     <span class='ocr_line' id='line_1_32' title="bbox 89 2303 1621 2358; baseline 0.003 -14"><span class='ocrx_word' id='word_1_248' title='bbox 89 2303 288 2344; x_wconf 87' lang='lat' dir='ltr'>omnibus</span> <span class='ocrx_word' id='word_1_249' title='bbox 309 2303 588 2356; x_wconf 88' lang='lat' dir='ltr'>pertinenciis</span> <span class='ocrx_word' id='word_1_250' title='bbox 609 2317 708 2343; x_wconf 85' lang='lat' dir='ltr'>cum</span> <span class='ocrx_word' id='word_1_251' title='bbox 729 2303 882 2357; x_wconf 87' lang='lat' dir='ltr'>tophto</span> <span class='ocrx_word' id='word_1_252' title='bbox 903 2308 949 2344; x_wconf 87' lang='lat' dir='ltr'>et</span> <span class='ocrx_word' id='word_1_253' title='bbox 969 2303 1144 2358; x_wconf 87' lang='lat' dir='ltr'>erophto</span> <span class='ocrx_word' id='word_1_254' title='bbox 1165 2320 1295 2358; x_wconf 90' lang='lat' dir='ltr'>quem</span> <span class='ocrx_word' id='word_1_255' title='bbox 1316 2306 1434 2348; x_wconf 88' lang='lat' dir='ltr'>Toke</span> <span class='ocrx_word' id='word_1_256' title='bbox 1461 2309 1621 2358; x_wconf 76' lang='lat' dir='ltr'>tenuit,</span> 
     </span>
     <span class='ocr_line' id='line_1_33' title="bbox 90 2367 1622 2421; baseline 0.003 -14"><span class='ocrx_word' id='word_1_257' title='bbox 90 2371 136 2407; x_wconf 90' lang='lat' dir='ltr'>et</span> <span class='ocrx_word' id='word_1_258' title='bbox 155 2370 360 2420; x_wconf 81' lang='lat' dir='ltr'>praeterea</span> <span class='ocrx_word' id='word_1_259' title='bbox 380 2370 599 2420; x_wconf 76' lang='lat' dir='ltr'>pasturam</span> <span class='ocrx_word' id='word_1_260' title='bbox 619 2367 672 2407; x_wconf 93' lang='lat' dir='ltr'>ad</span> <span class='ocrx_word' id='word_1_261' title='bbox 693 2372 876 2420; x_wconf 89' lang='lat' dir='ltr'>quatuor</span> <span class='ocrx_word' id='word_1_262' title='bbox 897 2368 1024 2408; x_wconf 87' lang='lat' dir='ltr'>boves</span> <span class='ocrx_word' id='word_1_263' title='bbox 1046 2372 1092 2408; x_wconf 90' lang='lat' dir='ltr'>et</span> <span class='ocrx_word' id='word_1_264' title='bbox 1112 2369 1165 2409; x_wconf 92' lang='lat' dir='ltr'>ad</span> <span class='ocrx_word' id='word_1_265' title='bbox 1179 2369 1284 2410; x_wconf 89' lang='lat' dir='ltr'>duas</span> <span class='ocrx_word' id='word_1_266' title='bbox 1308 2384 1468 2421; x_wconf 87' lang='lat' dir='ltr'>vaccas,</span> <span class='ocrx_word' id='word_1_267' title='bbox 1493 2372 1622 2411; x_wconf 85' lang='lat' dir='ltr'>simul</span> 
     </span>
     <span class='ocr_line' id='line_1_34' title="bbox 91 2430 1623 2486; baseline 0.004 -18"><span class='ocrx_word' id='word_1_268' title='bbox 91 2443 190 2469; x_wconf 86' lang='lat' dir='ltr'>cum</span> <span class='ocrx_word' id='word_1_269' title='bbox 214 2430 368 2469; x_wconf 85' lang='lat' dir='ltr'>averiis</span> <span class='ocrx_word' id='word_1_270' title='bbox 394 2430 503 2469; x_wconf 89' lang='lat' dir='ltr'>meis</span> <span class='ocrx_word' id='word_1_271' title='bbox 529 2430 575 2469; x_wconf 90' lang='lat' dir='ltr'>in</span> <span class='ocrx_word' id='word_1_272' title='bbox 601 2430 790 2470; x_wconf 87' lang='lat' dir='ltr'>dominio</span> <span class='ocrx_word' id='word_1_273' title='bbox 815 2444 910 2470; x_wconf 90' lang='lat' dir='ltr'>meo</span> <span class='ocrx_word' id='word_1_274' title='bbox 936 2431 989 2471; x_wconf 93' lang='lat' dir='ltr'>de</span> <span class='ocrx_word' id='word_1_275' title='bbox 1020 2431 1322 2486; x_wconf 83' lang='lat' dir='ltr'>Asmunderby</span> <span class='ocrx_word' id='word_1_276' title='bbox 1351 2437 1395 2473; x_wconf 90' lang='lat' dir='ltr'>et</span> <span class='ocrx_word' id='word_1_277' title='bbox 1426 2434 1471 2474; x_wconf 93' lang='lat' dir='ltr'>in</span> <span class='ocrx_word' id='word_1_278' title='bbox 1498 2435 1623 2474; x_wconf 92' lang='lat' dir='ltr'>bosco</span> 
     </span>
     <span class='ocr_line' id='line_1_35' title="bbox 91 2492 1623 2551; baseline 0.004 -19"><span class='ocrx_word' id='word_1_279' title='bbox 91 2507 188 2533; x_wconf 91' lang='lat' dir='ltr'>meo</span> <span class='ocrx_word' id='word_1_280' title='bbox 216 2493 268 2533; x_wconf 92' lang='lat' dir='ltr'>de</span> <span class='ocrx_word' id='word_1_281' title='bbox 299 2492 478 2543; x_wconf 88' lang='lat' dir='ltr'>Rishou,</span> <span class='ocrx_word' id='word_1_282' title='bbox 510 2497 556 2533; x_wconf 90' lang='lat' dir='ltr'>et</span> <span class='ocrx_word' id='word_1_283' title='bbox 583 2507 714 2533; x_wconf 88' lang='lat' dir='ltr'>unam</span> <span class='ocrx_word' id='word_1_284' title='bbox 745 2494 1042 2549; x_wconf 85' lang='lat' dir='ltr'>quadrigatam</span> <span class='ocrx_word' id='word_1_285' title='bbox 1063 2496 1280 2549; x_wconf 85' lang='lat' dir='ltr'>virgarum</span> <span class='ocrx_word' id='word_1_286' title='bbox 1303 2501 1347 2537; x_wconf 91' lang='lat' dir='ltr'>et</span> <span class='ocrx_word' id='word_1_287' title='bbox 1368 2501 1457 2537; x_wconf 91' lang='lat' dir='ltr'>tres</span> <span class='ocrx_word' id='word_1_288' title='bbox 1490 2498 1623 2551; x_wconf 86' lang='lat' dir='ltr'>quad-</span> 
     </span>
     <span class='ocr_line' id='line_1_36' title="bbox 91 2557 1625 2614; baseline 0.003 -17"><span class='ocrx_word' id='word_1_289' title='bbox 91 2557 251 2611; x_wconf 86' lang='lat' dir='ltr'>rigatas</span> <span class='ocrx_word' id='word_1_290' title='bbox 285 2570 500 2596; x_wconf 90' lang='lat' dir='ltr'>ramorum</span> <span class='ocrx_word' id='word_1_291' title='bbox 536 2560 582 2597; x_wconf 89' lang='lat' dir='ltr'>et</span> <span class='ocrx_word' id='word_1_292' title='bbox 624 2558 841 2610; x_wconf 86' lang='lat' dir='ltr'>spinarum</span> <span class='ocrx_word' id='word_1_293' title='bbox 873 2559 918 2597; x_wconf 91' lang='lat' dir='ltr'>in</span> <span class='ocrx_word' id='word_1_294' title='bbox 954 2558 1079 2598; x_wconf 89' lang='lat' dir='ltr'>bosco</span> <span class='ocrx_word' id='word_1_295' title='bbox 1120 2559 1173 2599; x_wconf 92' lang='lat' dir='ltr'>de</span> <span class='ocrx_word' id='word_1_296' title='bbox 1214 2560 1513 2614; x_wconf 87' lang='lat' dir='ltr'>Asmunderby</span> <span class='ocrx_word' id='word_1_297' title='bbox 1548 2575 1625 2614; x_wconf 85' lang='lat' dir='ltr'>per</span> 
     </span>
     <span class='ocr_line' id='line_1_37' title="bbox 92 2620 1625 2677; baseline 0.003 -17"><span class='ocrx_word' id='word_1_298' title='bbox 92 2633 270 2669; x_wconf 87' lang='lat' dir='ltr'>annum,</span> <span class='ocrx_word' id='word_1_299' title='bbox 306 2620 417 2659; x_wconf 87' lang='lat' dir='ltr'>sieut</span> <span class='ocrx_word' id='word_1_300' title='bbox 449 2624 566 2660; x_wconf 87' lang='lat' dir='ltr'>carta</span> <span class='ocrx_word' id='word_1_301' title='bbox 601 2620 765 2660; x_wconf 85' lang='lat' dir='ltr'>domini</span> <span class='ocrx_word' id='word_1_302' title='bbox 799 2621 935 2661; x_wconf 85' lang='lat' dir='ltr'>nostri</span> <span class='ocrx_word' id='word_1_303' title='bbox 976 2621 1135 2677; x_wconf 87' lang='lat' dir='ltr'>Rogeri</span> <span class='ocrx_word' id='word_1_304' title='bbox 1176 2626 1454 2675; x_wconf 84' lang='lat' dir='ltr'>protestatur,</span> <span class='ocrx_word' id='word_1_305' title='bbox 1496 2638 1625 2677; x_wconf 89' lang='lat' dir='ltr'>quam</span> 
     </span>
     <span class='ocr_line' id='line_1_38' title="bbox 94 2682 1626 2739; baseline 0.003 -17"><span class='ocrx_word' id='word_1_306' title='bbox 94 2684 187 2736; x_wconf 89' lang='lat' dir='ltr'>ipse</span> <span class='ocrx_word' id='word_1_307' title='bbox 215 2683 395 2723; x_wconf 76' lang='lat' dir='ltr'>tradidit</span> <span class='ocrx_word' id='word_1_308' title='bbox 425 2683 604 2723; x_wconf 85' lang='lat' dir='ltr'>cautelae</span> <span class='ocrx_word' id='word_1_309' title='bbox 621 2682 683 2738; x_wconf 69' lang='grc' dir='ltr'>(Ρ)</span> <span class='ocrx_word' id='word_1_310' title='bbox 713 2685 1014 2725; x_wconf 87' lang='lat' dir='ltr'>canonicorum</span> <span class='ocrx_word' id='word_1_311' title='bbox 1044 2686 1098 2726; x_wconf 92' lang='lat' dir='ltr'>de</span> <span class='ocrx_word' id='word_1_312' title='bbox 1130 2686 1297 2739; x_wconf 90' lang='lat' dir='ltr'>Ripon’.</span> <span class='ocrx_word' id='word_1_313' title='bbox 1358 2688 1462 2727; x_wconf 84' lang='lat' dir='ltr'>Haec</span> <span class='ocrx_word' id='word_1_314' title='bbox 1483 2688 1626 2727; x_wconf 90' lang='lat' dir='ltr'>omnia</span> 
     </span>
     <span class='ocr_line' id='line_1_39' title="bbox 96 2745 1626 2804; baseline 0.004 -19"><span class='ocrx_word' id='word_1_315' title='bbox 96 2747 339 2800; x_wconf 76' lang='lat' dir='ltr'>praescripta</span> <span class='ocrx_word' id='word_1_316' title='bbox 359 2745 536 2787; x_wconf 82' lang='lat' dir='ltr'>habebit</span> <span class='ocrx_word' id='word_1_317' title='bbox 557 2747 786 2800; x_wconf 78' lang='lat' dir='ltr'>praedictus</span> <span class='ocrx_word' id='word_1_318' title='bbox 808 2748 1000 2802; x_wconf 87' lang='lat' dir='ltr'>Rogerus</span> <span class='ocrx_word' id='word_1_319' title='bbox 1030 2750 1276 2803; x_wconf 89' lang='lat' dir='ltr'>capellanus</span> <span class='ocrx_word' id='word_1_320' title='bbox 1308 2751 1514 2804; x_wconf 91' lang='lat' dir='ltr'>quamdiu</span> <span class='ocrx_word' id='word_1_321' title='bbox 1535 2752 1626 2804; x_wconf 90' lang='lat' dir='ltr'>ipse</span> 
     </span>
     <span class='ocr_line' id='line_1_40' title="bbox 98 2810 1627 2868; baseline 0.003 -19"><span class='ocrx_word' id='word_1_322' title='bbox 98 2810 266 2859; x_wconf 84' lang='lat' dir='ltr'>vixerit,</span> <span class='ocrx_word' id='word_1_323' title='bbox 301 2813 347 2850; x_wconf 89' lang='lat' dir='ltr'>et</span> <span class='ocrx_word' id='word_1_324' title='bbox 377 2810 518 2850; x_wconf 90' lang='lat' dir='ltr'>eidem</span> <span class='ocrx_word' id='word_1_325' title='bbox 549 2810 797 2850; x_wconf 82' lang='lat' dir='ltr'>confirmata</span> <span class='ocrx_word' id='word_1_326' title='bbox 829 2816 932 2852; x_wconf 92' lang='lat' dir='ltr'>sunt</span> <span class='ocrx_word' id='word_1_327' title='bbox 961 2826 1038 2865; x_wconf 94' lang='lat' dir='ltr'>per</span> <span class='ocrx_word' id='word_1_328' title='bbox 1069 2813 1261 2867; x_wconf 89' lang='lat' dir='ltr'>sigillum</span> <span class='ocrx_word' id='word_1_329' title='bbox 1286 2814 1463 2866; x_wconf 89' lang='lat' dir='ltr'>capituli</span> <span class='ocrx_word' id='word_1_330' title='bbox 1497 2815 1627 2868; x_wconf 87' lang='lat' dir='ltr'>Ripo-</span> 
     </span>
     <span class='ocr_line' id='line_1_41' title="bbox 99 2873 1627 2932; baseline 0.003 -20"><span class='ocrx_word' id='word_1_331' title='bbox 99 2873 259 2922; x_wconf 79' lang='lat' dir='ltr'>nensis,</span> <span class='ocrx_word' id='word_1_332' title='bbox 282 2873 409 2912; x_wconf 89' lang='lat' dir='ltr'>simul</span> <span class='ocrx_word' id='word_1_333' title='bbox 430 2887 528 2913; x_wconf 89' lang='lat' dir='ltr'>cum</span> <span class='ocrx_word' id='word_1_334' title='bbox 552 2874 681 2927; x_wconf 82' lang='lat' dir='ltr'>sigilli</span> <span class='ocrx_word' id='word_1_335' title='bbox 704 2875 790 2914; x_wconf 88' lang='lat' dir='ltr'>mei</span> <span class='ocrx_word' id='word_1_336' title='bbox 812 2876 1095 2928; x_wconf 86' lang='lat' dir='ltr'>apposicione.</span> <span class='ocrx_word' id='word_1_337' title='bbox 1131 2877 1228 2915; x_wconf 89' lang='lat' dir='ltr'>Hiis</span> <span class='ocrx_word' id='word_1_338' title='bbox 1250 2877 1449 2927; x_wconf 84' lang='lat' dir='ltr'>testibus,</span> <span class='ocrx_word' id='word_1_339' title='bbox 1471 2879 1627 2932; x_wconf 84' lang='lat' dir='ltr'>magis-</span> 
     </span>
    </p>
   </div>
   <div class='ocr_carea' id='block_1_6' title="bbox 1738 134 1831 182">
    <p class='ocr_par' dir='ltr' id='par_1_6' title="bbox 1738 134 1831 182">
     <span class='ocr_line' id='line_1_42' title="bbox 1738 134 1831 182; baseline 0.022 -3"><span class='ocrx_word' id='word_1_340' title='bbox 1738 134 1831 182; x_wconf 81' lang='lat'>207</span> 
     </span>
    </p>
   </div>
   <div class='ocr_carea' id='block_1_7' title="bbox 1635 265 1838 378">
    <p class='ocr_par' dir='ltr' id='par_1_7' title="bbox 1635 265 1838 378">
     <span class='ocr_line' id='line_1_43' title="bbox 1635 265 1834 299; baseline 0 -5"><span class='ocrx_word' id='word_1_341' title='bbox 1635 265 1669 294; x_wconf 89' lang='lat' dir='ltr'>of</span> <span class='ocrx_word' id='word_1_342' title='bbox 1682 265 1762 299; x_wconf 65' lang='lat' dir='ltr'>rods,</span> <span class='ocrx_word' id='word_1_343' title='bbox 1774 265 1834 294; x_wconf 81' lang='lat' dir='ltr'>and</span> 
     </span>
     <span class='ocr_line' id='line_1_44' title="bbox 1638 305 1770 333; baseline -0.008 0"><span class='ocrx_word' id='word_1_344' title='bbox 1638 305 1722 333; x_wconf 77' lang='lat' dir='ltr'>three</span> <span class='ocrx_word' id='word_1_345' title='bbox 1736 305 1770 332; x_wconf 85' lang='lat' dir='ltr'>of</span> 
     </span>
     <span class='ocr_line' id='line_1_45' title="bbox 1635 344 1838 378; baseline -0.005 -5"><span class='ocrx_word' id='word_1_346' title='bbox 1635 344 1752 378; x_wconf 81' lang='lat' dir='ltr'>thorus,</span> <span class='ocrx_word' id='word_1_347' title='bbox 1773 347 1838 372; x_wconf 86' lang='lat' dir='ltr'>etc.</span> 
     </span>
    </p>
   </div>
   <div class='ocr_carea' id='block_1_8' title="bbox 1643 967 1825 996">
    <p class='ocr_par' dir='ltr' id='par_1_8' title="bbox 1643 967 1825 996">
     <span class='ocr_line' id='line_1_46' title="bbox 1643 967 1825 996; baseline -0.005 0"><span class='ocrx_word' id='word_1_348' title='bbox 1643 967 1825 996; x_wconf 81' lang='lat' dir='ltr'>witnesses.</span> 
     </span>
    </p>
   </div>
   <div class='ocr_carea' id='block_1_9' title="bbox 1648 1495 1836 1729">
    <p class='ocr_par' dir='ltr' id='par_1_9' title="bbox 1648 1495 1836 1729">
     <span class='ocr_line' id='line_1_47' title="bbox 1648 1495 1824 1533; baseline 0 -9"><span class='ocrx_word' id='word_1_349' title='bbox 1648 1495 1716 1524; x_wconf 86' lang='lat' dir='ltr'>The</span> <span class='ocrx_word' id='word_1_350' title='bbox 1732 1495 1824 1533; x_wconf 73' lang='lat' dir='ltr'>Lady</span> 
     </span>
     <span class='ocr_line' id='line_1_48' title="bbox 1650 1535 1815 1563; baseline 0 0"><span class='ocrx_word' id='word_1_351' title='bbox 1650 1535 1762 1563; x_wconf 85' lang='lat' dir='ltr'>Emma</span> <span class='ocrx_word' id='word_1_352' title='bbox 1777 1535 1815 1563; x_wconf 82' lang='lat' dir='ltr'>de</span> 
     </span>
     <span class='ocr_line' id='line_1_49' title="bbox 1652 1576 1788 1603; baseline 0 -1"><span class='ocrx_word' id='word_1_353' title='bbox 1652 1576 1788 1603; x_wconf 83' lang='lat' dir='ltr'>Asmun-</span> 
     </span>
     <span class='ocr_line' id='line_1_50' title="bbox 1650 1614 1798 1651; baseline 0.007 -11"><span class='ocrx_word' id='word_1_354' title='bbox 1650 1614 1750 1651; x_wconf 82' lang='lat' dir='ltr'>derby</span> <span class='ocrx_word' id='word_1_355' title='bbox 1766 1616 1798 1641; x_wconf 90' lang='lat' dir='ltr'>to</span> 
     </span>
     <span class='ocr_line' id='line_1_51' title="bbox 1652 1651 1836 1690; baseline 0 -10"><span class='ocrx_word' id='word_1_356' title='bbox 1652 1652 1764 1690; x_wconf 74' lang='lat' dir='ltr'>Roget,</span> <span class='ocrx_word' id='word_1_357' title='bbox 1779 1651 1836 1680; x_wconf 83' lang='lat' dir='ltr'>the</span> 
     </span>
     <span class='ocr_line' id='line_1_52' title="bbox 1651 1691 1808 1729; baseline -0.006 -9"><span class='ocrx_word' id='word_1_358' title='bbox 1651 1691 1808 1729; x_wconf 81' lang='lat' dir='ltr'>chaplain.</span> 
     </span>
    </p>
   </div>
   <div class='ocr_carea' id='block_1_10' title="bbox 1654 2126 1805 2195">
    <p class='ocr_par' dir='ltr' id='par_1_10' title="bbox 1654 2126 1805 2195">
     <span class='ocr_line' id='line_1_53' title="bbox 1655 2126 1805 2155; baseline 0 0"><span class='ocrx_word' id='word_1_359' title='bbox 1655 2126 1688 2155; x_wconf 89' lang='lat' dir='ltr'><strong>M</strong></span> <span class='ocrx_word' id='word_1_360' title='bbox 1693 2126 1805 2155; x_wconf 82' lang='lat' dir='ltr'>arken-</span> 
     </span>
     <span class='ocr_line' id='line_1_54' title="bbox 1654 2166 1734 2195; baseline 0 -1"><span class='ocrx_word' id='word_1_361' title='bbox 1654 2166 1734 2195; x_wconf 80' lang='lat' dir='ltr'>field.</span> 
     </span>
    </p>
   </div>
   <div class='ocr_carea' id='block_1_11' title="bbox 1656 2257 1799 2295">
    <p class='ocr_par' dir='ltr' id='par_1_11' title="bbox 1656 2257 1799 2295">
     <span class='ocr_line' id='line_1_55' title="bbox 1656 2257 1799 2295; baseline 0 -10"><span class='ocrx_word' id='word_1_362' title='bbox 1656 2257 1799 2295; x_wconf 66' lang='lat' dir='ltr'>seuffley.</span> 
     </span>
    </p>
   </div>
   <div class='ocr_carea' id='block_1_12' title="bbox 1659 2443 1819 2588">
    <p class='ocr_par' dir='ltr' id='par_1_12' title="bbox 1659 2443 1819 2588">
     <span class='ocr_line' id='line_1_56' title="bbox 1659 2443 1819 2472; baseline 0 -1"><span class='ocrx_word' id='word_1_363' title='bbox 1659 2443 1741 2472; x_wconf 87' lang='lat' dir='ltr'>Rods</span> <span class='ocrx_word' id='word_1_364' title='bbox 1757 2443 1819 2471; x_wconf 81' lang='lat' dir='ltr'>and</span> 
     </span>
     <span class='ocr_line' id='line_1_57' title="bbox 1659 2482 1803 2510; baseline 0 0"><span class='ocrx_word' id='word_1_365' title='bbox 1659 2482 1754 2510; x_wconf 74' lang='lat' dir='ltr'>stit-ks</span> <span class='ocrx_word' id='word_1_366' title='bbox 1770 2483 1803 2510; x_wconf 87' lang='lat' dir='ltr'>in</span> 
     </span>
     <span class='ocr_line' id='line_1_58' title="bbox 1659 2521 1790 2549; baseline -0.008 0"><span class='ocrx_word' id='word_1_367' title='bbox 1659 2521 1790 2549; x_wconf 77' lang='lat' dir='ltr'>Rishaw</span> 
     </span>
     <span class='ocr_line' id='line_1_59' title="bbox 1660 2560 1758 2588; baseline 0.01 -1"><span class='ocrx_word' id='word_1_368' title='bbox 1660 2560 1758 2588; x_wconf 82' lang='lat' dir='ltr'>wood.</span> 
     </span>
    </p>
   </div>
   <div class='ocr_carea' id='block_1_13' title="bbox 1664 2885 1841 2916">
    <p class='ocr_par' dir='ltr' id='par_1_13' title="bbox 1664 2885 1841 2916">
     <span class='ocr_line' id='line_1_60' title="bbox 1664 2885 1841 2916; baseline 0.011 -2"><span class='ocrx_word' id='word_1_369' title='bbox 1664 2885 1841 2916; x_wconf 54' lang='lat' dir='ltr'>witnesoes.</span> 
     </span>
    </p>
   </div>
  </div>
 </body>
</html>
