1955 3068
572 133 800 166 ORIGINAL
836 129 1126 164 DOCUMENTS.

78 249 246 289 dictum
283 245 500 299 praedictis
534 246 721 286 ,1011311111
752 248 796 285 01
832 243 1006 284 Thomae
1040 246 1085 282 et
1113 241 1425 282 successoribus
1454 239 1541 278 suis
1577 238 1620 276 in

79 312 215 352 forma
238 310 441 364 praedicta
463 313 511 348 111
534 310 786 363 przedictum
809 313 889 358 est,
911 311 1058 347 contra
1079 320 1226 346 omnes
1248 310 1402 360 gentes
1424 302 1621 343 waranti-

78 376 269 415 zabimus
291 375 628 426 imperpetuum.
691 374 743 413 In
760 373 889 426 cujus
906 372 966 411 rei
981 371 1298 420 testimonium,
1317 375 1406 409 tam
1424 381 1503 422 ego
1518 379 1622 419 prae-

80 441 222 480 dictus
243 438 488 477 NVillelmus
519 452 649 491 quam
681 437 848 491 praefati
882 436 1113 484 Henricus,
1136 434 1365 484 Robertus,
1388 431 1621 479 Johannes‚

81 504 303 552 Ricardus,
324 502 351 543 J
355 501 558 553 ohannes,
581 507 625 542 et
648 501 868 551 Ricardus,
890 500 1083 554 partibus
1100 497 1230 552 hujus
1245 502 1369 538 cartae
1386 497 1621 536 indentatae

82 567 225 622 sigilla
245 570 391 606 nostra
412 566 457 605 in
490 570 743 619 perpetuam
767 563 898 619 (γεὶ)ι
929 563 1179 603 memoriam
1211 562 1459 602 alternatim
1490 572 1622 612 appo-

83 633 262 671 suimus.
325 630 424 670 Hiis
465 631 666 679 testibus,
708 629 906 670 Johanne
947 629 998 668 de
1031 625 1296 676 Clutherom,
1328 624 1526 666 Johanne
1567 623 1621 662 de

83 694 288 745 Shirwod,
307 693 493 733 Roberto
514 694 567 733 de
591 693 834 743 Brunhous,
850 692 875 732 J
880 692 1046 732 ohanne
1068 691 1120 731 de
1135 689 1318 730 Thorold
1334 688 1410 744 (Ρ),
1426 689 1451 729 J
1455 686 1621 727 ohanne

82 761 136 800 dc
173 757 389 812 Morpath,
428 763 471 798 et
506 758 656 797 multis
689 758 799 798 aliis.
863 758 973 797 Data
1009 756 1122 809 apud
1160 754 1329 808 Ripon',
1366 756 1518 807 quarto
1551 752 1621 791 die

81 824 241 864 mensis
263 823 385 871 Maii,
406 823 530 861 Anno
553 822 726 862 Domini
747 822 976 862 millesimo
997 825 1117 860 000ιῃο
1141 819 1403 872 sexagesimo
1426 817 1622 870 septimo.

172 885 254 929 Sia:
276 885 387 926 ceals
410 884 516 926 have
545 884 646 926 been
675 885 928 940 appendeil.
992 884 1083 926 One
1104 882 1144 923 is
1167 882 1364 924 cisrcular
1381 880 1476 922 ancl
1499 879 1621 920 bears

82 966 110 992 a
131 950 273 991 shield
294 949 584 991 surrozmded
603 948 655 1003 by
672 963 735 990 an
756 948 1042 1004 inscription,
1061 946 1156 988 both
1173 946 1367 1001 (lesaced.
1409 943 1621 995 Another,

82 1015 137 1056 in
158 1028 186 1056 α
208 1012 464 1066 orumbliny
486 1012 732 1065 condition,
748 1028 882 1054 seems
900 1017 942 1053 to
958 1015 1181 1067 represent
1204 1025 1232 1052 α
1254 1024 1345 1066 pyx
1367 1008 1622 1064 suspended

82 1079 232 1120 undar
252 1093 280 1120 a
302 1091 492 1133 canopy,
513 1076 621 1118 with
644 1076 710 1118 the
730 1077 933 1119 remains
966 1076 1016 1131 of
1044 1090 1106 1117 cm
1137 1074 1429 1130 inscription.
1493 1074 1535 1115 S.
1558 1074 1619 1113 VI

85 1174 274 1186 .....
308 1143 400 1184 ΟΝ.
465 1141 549 1183 The
569 1146 655 1183 rest
677 1157 752 1184 are
772 1156 896 1196 [sone.

174 1207 421 1259 Endorsed,
455 1208 682 1248 Indentur.
712 1209 838 1248 vicar.
872 1207 1013 1248 eccliae
1045 1207 1198 1260 Ripon.
1221 1220 1296 1260 pro
1321 1206 1443 1246 obitu
1465 1204 1544 1245 Ad.
1567 1204 1620 1243 de

86 1273 277 1314 Scotton.

131 1423 230 1458 XLI.
265 1422 510 1459 OHARTER
543 1422 789 1457 GRANTED
822 1422 891 1457 BY
922 1422 1048 1457 KING
1083 1420 1266 1456 HENRY
1296 1420 1341 1455 V.
1376 1420 1437 1454 TO
1471 1419 1574 1453 THE

754 1482 955 1518 VIOARS.

87 1565 301 1609 (DUGDALE,
319 1564 415 1599 Hist.
435 1563 478 1610 ⁰f
502 1564 585 1599 Coll.
611 1564 747 1597 C'leurcli
765 1567 801 1597 at
827 1563 972 1608 Hippon,
986 1574 1019 1609 p.
1038 1562 1107 1605 423
1132 1561 1222 1596 from
1240 1561 1322 1595 Pat.
1338 1562 1359 1595 2
1378 1560 1426 1594 Η.
1446 1561 1478 1595 5,
1494 1564 1573 1606 part
1588 1561 1622 1609 3,

741 1615 886 1650 membr.
905 1616 981 1658 27.)

175 1688 266 1728 Rex
297 1687 497 1727 omnibus
528 1687 580 1727 ad
612 1700 718 1740 quos
750 1689 984 1740 praesentes
1021 1686 1158 1725 literae
1190 1684 1482 1738 pervenerint,
1510 1683 1622 1722 salu-

86 1756 191 1792 tem.
254 1751 424 1801 Sciatis,
446 1751 559 1804 quod
581 1764 680 1790 cum
703 1764 775 1790 sex
798 1750 946 1789 vicarii
968 1750 1013 1788 in
1035 1749 1225 1789 Ecclesia
1249 1746 1484 1801 Collegiata
1505 1746 1622 1786 beati

86 1817 208 1857 Petri
231 1816 399 1869 Ripon',
415 1816 468 1855 ad
485 1814 692 1855 honorem
710 1814 804 1864 Dei,
824 1818 868 1853 et
885 1815 1020 1854 divini
1043 1814 1186 1853 cultus
1203 1811 1621 1866 augmentacionem,

85 1881 139 1921 ab
160 1880 263 1920 olim
283 1880 470 1920 fuissent.
491 1879 679 1919 ordinati
701 1882 745 1918 et
768 1878 964 1927 stabiliti,
987 1878 1061 1931 qui
1086 1877 1274 1930 aliquam
1306 1875 1621 1916 habitacionem

85 1943 198 1984 infra
233 1943 427 1983 clausum
471 1942 661 1982 ecclesiae
702 1942 930 1994 praedictae,
968 1942 1010 1980 in
1056 1940 1275 1980 communi
1311 1953 1397 1978 non
1431 1937 1621 1985 habent3

87 2022 134 2048 30
175 2007 434 2047 venerabilis
471 2010 595 2060 pater
639 2006 854 2045 Henricus
895 2004 1251 2058 Archiepiscopus
1292 2003 1417 2043 Ebor.
1454 2016 1529 2055 pro
1573 2015 1622 2040 eo

86 2072 200 2125 quod
242 2072 377 2111 iidem
415 2071 562 2110 vicarii
606 2069 796 2123 hospicia
841 2083 916 2109 sua
966 2070 1011 2108 in
1058 2069 1237 2108 diversis
1278 2066 1621 2107 habitacionibus

87 2136 313 2189 dispersim
350 2140 395 2175 et
430 2149 515 2175 11011
547 2135 592 2174 111
625 2134 844 2174 communi
885 2137 1054 2183 tenent,
1087 2132 1358 2172 considerans
1390 2131 1545 2170 melius
1578 2133 1621 2169 01.

87 2201 315 2241 decencius
346 2200 436 2240 fore
472 2201 585 2253 ipsos
621 2198 752 2248 horis,
784 2199 1062 2248 dormitoriis,
1094 2202 1139 2238 et
1169 2197 1405 2237 refectoriis
1446 2194 1623 2234 insimul

87 2265 134 2304 in
171 2265 388 2304 communi
420 2278 549 2318 quam
580 2263 807 2316 dispersim
839 2263 1103 2311 commorari,
1129 2262 1199 2314 pia
1230 2261 1478 2299 intencione
1510 2272 1624 2298 com-

88 2333 247 2379 motus,
270 2329 484 2382 quandam
504 2327 735 2381 parcellam
757 2331 882 2366 terrae
904 2327 950 2365 in
974 2324 1127 2379 Ripon’
1150 2324 1340 2378 praefatis
1360 2323 1527 2363 vicariis
1549 2336 1624 2375 pro

89 2391 280 2446 hospicio
312 2406 388 2432 suo
419 2392 582 2432 ibidem
614 2391 914 2439 construendo,
935 2391 980 2429 in
1006 2389 1222 2429 communi
1254 2388 1382 2428 simul
1413 2386 1623 2436 habendo,

88 2456 187 2496 dare
211 2459 256 2496 01
277 2457 490 2510 assignare
513 2458 716 2508 proponat
735 2469 746 2503 ;
778 2467 825 2493 30
847 2467 923 2507 Ρο1
939 2453 1083 2507 plures
1098 2452 1258 2493 Christi
1272 2452 1419 2491 fideles
1433 2452 1623 2504 ipsorum

89 2521 342 2560 vicariorum
381 2520 570 2573 inopiam
612 2522 657 2558 01
698 2518 988 2571 indigenciam
1028 2518 1098 2570 pie
1135 2517 1427 2570 respicientes,
1464 2515 1623 2554 diversi

88 2584 285 2623 redditus
318 2588 362 2623 et
393 2583 679 2637 possessiones
702 2582 862 2621 eisdem
889 2582 1056 2621 vicariis
1086 2595 1162 2634 pro
1191 2581 1342 2620 eodem
1363 2579 1622 2619 relevamine

88 2648 308 2687 caritative
344 2647 435 2687 dati
475 2647 660 2687 fuissent
694 2649 738 2685 01
771 2645 992 2700 assignati,
1029 2649 1079 2685 ut
1112 2645 1370 2698 accepimus,
1408 2643 1442 2683 si
1476 2655 1623 2682 eorum

91 2709 354 2760 inhabilitas,
378 2711 466 2750 sive
489 2711 749 2763 incapacitas
772 2709 1021 2762 recipiendi,
1045 2710 1106 2749 eis
1138 2708 1387 2748 nullatenus
1419 2706 1623 2755 obviaret,

91 2788 167 2814 seu
189 2774 457 2814 obstaculum
480 2774 706 2827 praeberet.

685 2879 740 2922 (l)
771 2877 978 2912 Interlincd.

1657 693 1842 725 witnesses.

1658 823 1735 863 May
1747 825 1776 853 4.

1657 1697 1723 1717 ΑΛ).
1741 1689 1827 1717 1414.

1658 1744 1768 1782 Henry
1783 1743 1824 1774 V.

1657 1948 1855 1986 Archbishop

1658 1988 1793 2016 Bowet's

1656 2028 1771 2056 wishes

1657 2067 1734 2094 with
1750 2075 1795 2095 re-

1658 2106 1735 2141 113111
1754 2109 1786 2134 to
1801 2104 1855 2134 the

1657 2144 1766 2174 vicars.
