1935 3151
592 160 819 193 ommam,
856 159 1145 192 DocuifflNTs.
1773 141 1867 187 293

100 277 249 315 contra
280 273 469 313 ecelesiae
491 277 646 312 nostrae
670 275 834 312 statuta
856 270 1041 311 eundem
1064 271 1267 311 clericum
1300 269 1460 323 injuste
1486 281 1634 307 vexare

101 338 434 393 praesumpserit,
466 336 534 376 vel
564 336 752 390 aliquem
784 335 987 390 ligiorum
1018 333 1243 374 hominum
1276 333 1400 373 Beati
1430 331 1635 382 wilfridi,

101 403 206 442 sciat
242 415 285 441 se
318 400 478 440 involvi
511 401 731 440 sentencia
764 399 1053 439 Romanorum
1087 398 1348 439 Pontificum
1381 410 1406 436 a
1441 399 1633 448 tempore

101 467 213 520 regis
234 465 457 505 Aldestani
479 465 593 514 data,
616 467 660 505 et
681 467 748 504 ter
769 464 813 503 in
841 476 953 503 anno
975 463 1020 503 in
1053 463 1231 503 ecclesia
1250 465 1396 502 nostra
1417 463 1631 501 renovata.

101 530 252 570 Valete
274 530 318 568 in
342 529 540 569 Domino.

115 675 358 711 CLXXXVI.
393 675 663 710 PROVISION
698 674 796 709 FOR
833 675 935 709 THE
974 675 1131 710 DEBTS
1166 674 1230 709 OF
1268 676 1303 709 A
1341 672 1608 708 DEOEASED

771 732 953 767 CANON.

621 797 910 842 (DARNBROUGH
935 796 1012 830 MS.
1038 796 1105 841 iii.)

187 873 431 923 Turstinus‚
467 872 548 912 Dei
588 871 730 926 gracia
760 871 1039 911 Eboracensis
1070 870 1439 924 Archiepiscopus‚
1469 882 1634 910 succes·
1735 885 1804 908 As).

100 937 262 978 soribus
286 938 371 977 suis
394 936 705 976 substituendis
727 936 772 975 in
794 939 1064 989 perpetuum.
1128 935 1245 975 Solet
1266 935 1518 988 plerumque
1535 947 1634 974 con·
1668 918 1858 1003 {xnss‘ssffio'

100 1002 283 1056 tingere,
324 1001 437 1054 quod
478 1000 635 1052 clerici,
678 1001 789 1040 sicut
834 1004 880 1040 et
930 1000 1073 1040 caeteri
1124 998 1335 1049 homines,
1376 1013 1452 1052 pro
1492 998 1635 1051 aliqua
1668 982 1869 1043 Tlriilrsifmop

100 1065 357 1104 necessitate
389 1065 457 1104 vel
488 1063 676 1103 humana
706 1064 941 1118 fragilitate
973 1063 1187 1117 aliquibus
1218 1063 1375 1103 debitis
1398 1065 1443 1102 et
1464 1061 1633 1102 delictis
1668 1053 1849 1122 giiclssissson.

100 1128 277 1183 obligati
299 1129 352 1168 de
374 1129 536 1168 mundo
558 1131 798 1168 transeunt.
848 1127 1172 1169 Considerantes
1195 1128 1330 1181 igitur
1350 1125 1633 1166 humanitatis

100 1196 144 1233 et
173 1194 362 1233 caritatis
385 1207 475 1233 esse
497 1193 683 1232 officium
704 1193 878 1246 utrique
910 1192 1221 1245 impedimento
1252 1191 1425 1244 aliquod
1446 1190 1633 1243 praebere

101 1256 354 1311 suffragium
386 1260 430 1297 et
460 1257 717 1307 remedium,
741 1257 972 1296 statuimus
1004 1257 1049 1295 in
1071 1256 1248 1296 ecclesia
1270 1255 1395 1295 Beati
1416 1254 1564 1304 Petri)
1589 1257 1634 1294 et

98 1325 307 1374 perpetuo
341 1321 441 1375 jure
483 1321 720 1361 tenendum
760 1321 979 1360 firmamus
1015 1320 1143 1374 quod,
1176 1320 1380 1360 defuncto
1416 1319 1633 1370 canonico,

98 1385 292 1425 redditus
313 1385 550 1439 praebendae
565 1385 681 1425 illius
705 1386 902 1439 sequenti
919 1399 1030 1425 anno
1051 1399 1127 1438 pro
1148 1385 1290 1424 anima
1303 1383 1410 1437 ejus,
1429 1387 1473 1423 et
1489 1383 1634 1436 quod,2
1670 1389 1698 1418 A
1712 1390 1815 1428 γεω-ἐ

99 1450 134 1489 si
165 1449 269 1502 quid
310 1449 494 1489 debebat
525 1449 868 1503 persolvendum,
911 1449 1239 1499 distribuantur,
1271 1451 1414 1488 totum
1456 1448 1632 1501 quidem
1667 1429 1840 1498 ζξξθξῇξέθ

99 1513 336 1553 secundum
368 1513 547 1566 capituli
579 1514 807 1553 consilium
839 1516 884 1554 et
915 1513 1259 1567 disposicionem.
1322 1512 1374 1551 Id
1396 1526 1565 1565 quoque
1587 1512 1632 1551 in

98 1578 262 1616 caeteris
295 1577 487 1617 ecclesiis
519 1578 677 1617 nostris
710 1577 859 1617 Sancti
890 1576 1100 1617 Johannis
1131 1577 1185 1616 de
1217 1576 1459 1627 Beverlaco,
1488 1576 1635 1616 Sancti

98 1640 286 1680 Wilfridi
319 1641 371 1680 de
394 1641 554 1694 Ripun‚
578 1640 743 1681 Sanctae
774 1641 923 1681 Mariae
955 1641 1008 1681 de
1041 1640 1258 1691 Sutwella,
1282 1640 1428 1680 Sancti
1451 1640 1634 1681 Oswaldi

99 1704 150 1744 de
170 1704 416 1745 Gloecestra
428 1705 443 1729 ³
464 1706 742 1758 praesentium
758 1705 1036 1745 attestatione
1053 1705 1227 1744 firmum
1241 1719 1331 1744 esse
1346 1705 1633 1744 concedimus.

101 1768 145 1808 Si
167 1769 261 1822 quis
284 1783 383 1808 vero
404 1767 484 1808 hoc
505 1769 660 1808 violare
682 1769 1015 1822 praesumpserit,
1032 1768 1200 1823 judicet
1220 1768 1320 1808 inde
1343 1768 1459 1808 Deus
1482 1782 1634 1809 secun-

98 1832 201 1872 dum
218 1833 438 1886 justitiam
461 1837 504 1873 et
527 1833 766 1873 bonitatem
790 1833 935 1884 Suam,
957 1833 1110 1873 Amen.

185 1981 449 2017 CLXXXVII.
484 1981 657 2017 GRANT
692 1982 792 2017 FoR
826 1983 863 2017 A
897 1982 1040 2016 LAMP
1066 1981 1132 2016 AT
1170 1980 1361 2016 MATINS
1398 1981 1544 2017 ONLY.

620 2053 912 2098 (DARNBROUGH
937 2053 1014 2088 MS.
1041 2052 1108 2097 vi.)

188 2125 333 2166 Sciant
364 2140 525 2178 omnes,
547 2130 639 2167 tam
672 2131 901 2180 praesentes
932 2141 1061 2180 quam
1083 2127 1235 2177 futuri,
1257 2126 1370 2180 quod
1392 2140 1472 2181 ego
1492 2127 1630 2167 Adam
1664 2148 1769 2178 Adam
1785 2149 1866 2178 puts

101 2188 219 2240 Cius,
251 2190 444 2241 clericus,
472 2192 693 2244 praesentis
727 2190 885 2231 ehartae
916 2192 1198 2231 attestacione
1233 2194 1279 2231 et
1306 2191 1629 2231 confirmacione
1663 2189 1843 2256 fargffnisffla

99 2255 272 2306 promisi
294 2256 405 2308 quod
426 2256 746 2309 imperpetuum
766 2256 984 2295 inveniam
1003 2269 1134 2295 unam
1150 2255 1392 2308 lampadem
1405 2255 1630 2295 ardentem
1729 2236 1749 2265 p

98 2318 152 2357 ad
184 2319 419 2359 matutinas
456 2322 628 2359 tantum
660 2320 706 2359 in
740 2319 920 2359 ecclesia
952 2319 1150 2372 Rippon’,
1172 2319 1335 2359 scilicet
1365 2322 1465 2359 ante
1497 2319 1629 2359 altare

100 2380 266 2422 Sanctae
294 2383 536 2433 Trinitatis,
558 2397 634 2437 pro
664 2384 808 2424 anima
830 2383 1053 2423 Willielmi
1084 2383 1136 2423 de
1161 2383 1332 2437 Orlyen’
1354 2384 1560 2433 canonici,
1585 2388 1630 2423 et
1663 2400 1709 2429 so,—
1724 2401 1777 2430 the
1795 2401 1864 2429 soul

99 2457 207 2485 mea.
259 2447 316 2486 Et
339 2447 392 2487 ad
414 2446 494 2487 hoc
515 2448 840 2498 inveniendum,
868 2447 1054 2502 obligavi
1081 2451 1238 2487 terram
1260 2462 1336 2501 per
1358 2461 1477 2501 sepes
1501 2461 1629 2501 quam
1663 2440 1865 2509 Oofrlizqufiffind

173 2536 228 2579 (1)
257 2535 314 2570 Sc.
334 2536 442 2572 Ebor.
803 2537 859 2582 (2)
888 2537 965 2573 MS.
983 2537 1048 2572 has
1068 2539 1123 2573 ‘et
1141 2538 1188 2572 ad
1204 2538 1255 2581 si,’
1272 2541 1339 2573 etc.
1664 2518 1714 2548 his
1729 2527 1808 2548 own'

172 2587 225 2631 (3)
252 2587 326 2622 The
351 2589 481 2634 Priory
505 2589 545 2624 of
574 2589 706 2624 Austin
741 2590 896 2634 Canons,
914 2594 952 2624 to
978 2589 1098 2624 which
1121 2590 1184 2625 the
1209 2590 1312 2625 relies
1336 2589 1376 2624 of
1399 2590 1451 2624 St.
1472 2589 1628 2631 Oswald,

100 2637 160 2672 the
185 2639 285 2685 King
309 2641 350 2675 of
370 2641 629 2676 Nol-thumbria
652 2642 722 2676 and
752 2647 902 2688 martyr,
927 2643 998 2677 had
1029 2642 1118 2677 been
1144 2642 1311 2677 removed
1335 2642 1425 2676 from
1452 2642 1629 2687 Bardney.

100 2689 137 2724 It
161 2703 233 2726 was
256 2693 407 2737 granted
432 2693 479 2739 by
506 2693 672 2728 william
697 2694 815 2728 Rufus
840 2700 878 2729 to
903 2694 964 2729 the
989 2694 1237 2741 Archbishops
1262 2694 1303 2729 of
1333 2694 1442 2738 York,
1469 2693 1632 2738 together

101 2743 192 2777 with
218 2743 326 2790 Selby
353 2745 494 2792 Abbey,
521 2746 558 2780 in
588 2746 660 2781 lieu
691 2745 732 2781 of
758 2747 884 2782 claims
915 2752 952 2782 to
980 2746 1208 2794 jurisdiction
1238 2747 1275 2781 in
1306 2747 1368 2781 the
1392 2746 1570 2792 bishopric
1596 2745 1636 2780 of

102 2794 263 2839 Lincoln,
281 2797 352 2830 and
379 2796 416 2831 in
440 2798 703 2832 consideration
727 2799 767 2833 of
789 2811 810 2833 a
834 2800 932 2845 large
957 2811 1036 2834 sum
1062 2799 1102 2834 of
1123 2811 1252 2844 money
1277 2799 1359 2845 paid
1383 2802 1422 2832 to
1447 2798 1509 2833 the
1533 2798 1632 2842 King

102 2846 149 2933 ll}
176 2848 237 2883 the
253 2849 384 2936 ‘bisdhop
410 2851 501 2887 elect
526 2851 567 2886 of
588 2851 868 2887 Lincoln.—-See
887 2852 990 2887 Fasti
1004 2852 1112 2887 Ebor.
1134 2853 1213 2895 151,
1236 2852 1305 2886 and
1332 2852 1394 2886 the
1421 2850 1633 2885 authorities

148 2912 205 2935 cre
231 2908 300 2936 cite
330 2929 336 2936 .
