1915 3068
394 168 626 201 EXCERPTS
663 167 790 200 1⁰le
828 166 1132 209 CHRONICLES,
1172 167 1265 198 ETC.

55 281 253 331 duentes,
276 284 320 321 et
342 281 386 320 in
408 293 535 320 curru
567 283 792 333 ponentes,
814 278 1180 331 psalmodiamque
1203 281 1422 327 canentes,
1443 278 1584 328 coepto

55 345 210 384 itinere
233 359 369 397 usque
390 344 442 384 ad
466 344 692 398 Hrypense
714 344 1021 383 monasterium
1054 346 1356 395 pervenerunt.
1419 339 1584 388 Quibus

58 422 154 448 mox
175 408 338 448 familia
359 413 451 448 tota
472 422 570 448 cum
593 408 752 448 sanctis
773 407 966 460 reliquiis
989 408 1033 446 in
1056 407 1225 447 obviam
1248 406 1393 446 exivit.
1455 404 1584 443 Paene

56 472 201 512 nullus
239 487 282 512 se
318 487 342 512 a
376 471 604 525 lachrymis
638 476 682 511 et
719 471 823 511 fletu
860 471 1086 511 abstinuit.
1148 471 1327 510 Elevata
1356 482 1455 508 voce
1487 481 1585 507 cum

57 535 228 589 hymnis
251 540 295 576 et
317 536 494 576 canticis
516 537 849 576 introduxerunt
880 535 932 575 ad
963 548 1020 585 se,
1052 538 1096 574 et
1126 536 1170 574 in
1200 534 1433 583 basilicam,
1456 545 1584 585 quam

57 605 228 639 sanctus
250 600 441 653 pontifex
470 604 615 639 noster
640 600 743 640 olim
769 601 814 639 in
844 598 1049 639 honorem
1082 598 1226 639 Sancti
1251 598 1369 638 Petri
1392 596 1585 650 Apostoli

56 664 281 704 aedificavit
314 668 358 704 et
389 663 616 714 dedicavit,
639 678 789 717 corpus
822 663 1081 703 sanctissimi
1102 663 1182 702 viri
1203 661 1434 702 honorifice
1457 661 1585 713 depo-

58 732 250 778 suerunt,
281 742 393 767 anno
424 729 564 768 aetatis
598 742 684 768 suae
717 728 1034 781 septuagesimo
1065 731 1196 767 sexto.
1260 727 1451 775 Quantos
1487 738 1587 764 vero

56 806 132 845 per
153 792 439 846 quadraginta
462 806 534 831 sex
555 806 687 831 annos
710 793 980 845 episcopatus
1004 792 1069 831 sui
1093 792 1326 845 episcopos,
1345 795 1390 830 et
1410 789 1587 843 presby-

56 861 185 905 teros,
218 860 261 896 et
293 857 490 896 diacones
523 846 807 906 ordinaverat,
831 860 872 896 et
906 859 1089 909 quantas
1121 855 1321 895 ecclesias
1353 853 1586 902 dedicavit,

55 921 151 973 quis
174 933 423 959 enumerare
452 920 629 973 potest?
691 919 823 973 Cujus
855 919 948 958 laus
980 923 1128 958 manet
1164 919 1210 958 in
1241 923 1467 958 aeternum.
1529 917 1587 956 Et

56 984 238 1037 dignum
272 982 486 1023 haeredem
522 982 808 1023 Tatberhtum
848 983 1162 1036 presbyterum,
1202 982 1437 1022 secundum
1478 995 1587 1034 prae-

57 1052 231 1100 ceptum
263 1048 400 1086 sancti
431 1047 646 1101 pontificis
672 1048 823 1098 nostri,
845 1047 1161 1088 circumdantes
1193 1047 1370 1087 abbates
1399 1045 1588 1085 deduxe-

57 1116 173 1152 runt.
208 1142 217 1152 .
253 1141 262 1152 .
296 1111 335 1152 ,¹

147 1174 269 1230 (Cap.
291 1176 431 1229 lxvii.)
464 1177 608 1230 Igitur
629 1180 855 1230 postquam
871 1180 1042 1216 sanctus
1059 1175 1253 1230 pontifex
1266 1180 1411 1216 noster
1428 1175 1585 1228 migra-

58 1240 121 1279 vit
144 1240 195 1279 ad
218 1240 466 1290 Dominum,
489 1241 649 1294 ubique
671 1241 847 1280 abbates
879 1240 973 1293 ejus
995 1254 1095 1280 cum
1127 1240 1332 1294 subjectis
1365 1240 1453 1279 suis
1474 1238 1587 1278 anti-

58 1318 238 1358 quorum
269 1303 459 1344 hostium
491 1306 667 1345 insidias
698 1306 903 1345 timentes
934 1306 1164 1346 dixerunt:
1200 1309 1210 1328 ‘
1229 1305 1444 1353 Quamdiu
1481 1304 1588 1343 vixit

57 1369 270 1422 optimum
291 1374 420 1422 caput
443 1370 542 1409 vitae
563 1374 733 1419 nostrae,
755 1369 1003 1423 frequenter
1024 1384 1048 1409 a
1069 1369 1242 1424 regibus
1257 1373 1300 1410 et
1322 1367 1586 1422 principibus

58 1433 316 1472 Brittanniae>
353 1434 487 1473 varias
519 1434 830 1487 temptationes
863 1434 1166 1484 sustinuimus,
1198 1433 1354 1486 quibus
1387 1432 1586 1472 omnibus

57 1500 230 1549 propter
272 1498 548 1537 sanctitatem
599 1497 813 1550 pontificis
855 1501 899 1537 et
954 1498 1223 1550 sapientiam,
1264 1496 1587 1549 multorumque

58 1561 290 1600 amicorum
313 1561 568 1612 subsidium,
590 1561 721 1601 finem
743 1561 1034 1601 venerabilem
1057 1574 1224 1614 semper
1245 1561 1467 1614 imponere
1488 1574 1590 1600 con-

60 1625 225 1665 suevit:
258 1638 373 1664 nunc
405 1629 551 1665 autem
582 1628 778 1665 nostrum
811 1639 887 1678 per
919 1626 1092 1679 signum
1125 1628 1281 1664 sanctae
1313 1625 1450 1664 crucis
1482 1638 1589 1663 coae-

60 1689 181 1741 quari
196 1688 409 1741 Apostolis
431 1689 512 1729 Dei
533 1689 664 1728 Petro
680 1692 725 1728 et
746 1689 941 1738 Andreae,
963 1703 1068 1742 quos
1090 1689 1275 1728 maxime
1297 1688 1520 1742 diligebat,
1546 1692 1590 1727 et

60 1746 215 1799 quibus
239 1747 524 1787 substantiam
549 1761 667 1786 suam
690 1761 789 1786 cum
822 1747 1004 1787 subditis
1027 1747 1257 1795 dedicavit,
1279 1747 1325 1786 in
1357 1750 1590 1800 conspectu

60 1811 139 1850 Dei
163 1812 253 1850 sine
275 1812 510 1851 cessatione
532 1816 687 1851 nostrae
709 1811 971 1851 defensionis
993 1815 1183 1851 tutorem
1205 1809 1413 1851 existere?

148 1876 205 1914 Et
226 1889 323 1915 mox
344 1874 473 1928 hujus
495 1875 763 1915 credulitatis
787 1876 959 1929 signum
991 1876 1037 1915 in
1068 1875 1173 1915 coelo
1204 1876 1416 1928 apparuit.
1478 1874 1590 1913 Nam

60 1938 349 1978 anniversaria
384 1940 454 1979 die
495 1939 710 1992 pontificis
751 1940 904 1989 nostri,
936 1939 1129 1991 undique
1171 1938 1396 1991 pontifices
1438 1939 1589 1987 nostri,

60 2002 251 2055 undique
285 2003 460 2042 abbates
496 2003 576 2052 sui,
607 2003 660 2042 ab
694 2004 858 2043 oriente
888 2007 933 2043 et
967 2003 1204 2051 occidente,
1235 2002 1288 2042 ab
1316 2002 1514 2055 aquilone
1545 2006 1590 2041 et

60 2070 220 2115 austro,
242 2066 294 2105 ad
318 2066 568 2106 sollemnem
600 2067 716 2106 diem
748 2067 1010 2121 congregati,
1033 2067 1079 2105 in
1110 2080 1248 2105 unum
1280 2070 1589 2115 convenerunt,

61 2129 313 2183 vigiliasque
350 2143 526 2183 vespere
563 2130 769 2171 facientes
803 2131 847 2170 in
883 2131 1073 2180 ecclesia,
1107 2130 1182 2169 ubi
1225 2130 1417 2169 membra
1452 2131 1587 2169 sancti

61 2193 245 2246 episcopi
267 2194 401 2233 nostri
423 2194 712 2247 requiescunt.
775 2194 998 2234 Fratribus
1020 2208 1118 2233 vero
1140 2193 1394 2247 quibusdam
1418 2207 1467 2233 ea
1487 2191 1591 2232 hora

60 2256 160 2296 foris
203 2257 417 2297 stantibus
449 2256 681 2298 hebetioris
714 2259 896 2312 ingenii,
935 2259 1107 2312 signum
1145 2259 1189 2297 in
1223 2257 1328 2297 coelo
1364 2258 1560 2310 apparuit
1579 2271 1590 2306 3

60 2320 182 2374 cujus
213 2322 421 2361 visionem
443 2322 691 2362 alternatim
722 2336 859 2376 usque
891 2336 1016 2362 mane
1049 2322 1333 2361 reticuerunt.
1396 2320 1590 2361 Crastina

61 2385 129 2425 die
180 2386 406 2426 audientes
447 2387 714 2437 nuntiatum,
756 2400 886 2441 grave
927 2386 1141 2436 tulerunt,
1184 2386 1463 2425 mussitantes
1514 2399 1590 2438 pro

60 2451 246 2501 peccatis
269 2451 355 2489 suis
378 2450 457 2489 sibi
480 2463 565 2490 non
587 2464 678 2490 esse
694 2451 945 2490 revelatum.
979 2449 1111 2503 Cujus
1132 2448 1372 2489 honestatis
1394 2449 1588 2489 levamen

60 2516 106 2552 et
127 2513 313 2553 solamen
336 2527 433 2553 mox
456 2514 669 2554 subvenit.
731 2514 842 2554 Nam
875 2528 988 2563 cum,
1013 2514 1302 2554 solemnitatis
1325 2513 1522 2552 convivio
1542 2516 1587 2552 et

60 2590 179 2616 coena
199 2577 335 2628 finita,
356 2578 402 2617 in
424 2578 674 2631 crepusculo
696 2579 940 2631 vespertino
971 2578 1145 2618 abbates
1166 2591 1265 2617 cum
1287 2577 1404 2616 omni
1427 2577 1590 2616 familia

134 2660 192 2705 (1)
220 2661 359 2695 Eddius
383 2665 470 2696 next
493 2673 577 2707 goes
611 2674 654 2696 on
690 2666 726 2696 to
759 2662 870 2697 relate
897 2663 981 2697 how
1015 2662 1151 2697 Bacula
1183 2666 1262 2696 sent
1290 2662 1353 2696 the
1385 2662 1517 2705 syndon
1551 2665 1589 2696 to

61 2711 292 2757 cynethrith,
311 2726 355 2748 an
372 2713 507 2752 abbeSS.
526 2719 564 2748 to
590 2714 672 2748 take
690 2726 769 2749 care
787 2714 827 2748 of
841 2714 895 2749 for
912 2715 999 2750 him.
1051 2717 1104 2749 As
1122 2714 1151 2749 it
1169 2727 1242 2748 was
1261 2714 1457 2748 somewhat
1476 2713 1587 2747 soiled

59 2763 107 2809 by
125 2765 186 2799 the
203 2765 274 2800 feet
292 2766 331 2800 of
343 2766 445 2801 those
464 2767 547 2801 who
565 2767 710 2801 washed
734 2767 905 2802 Wilfrid's
918 2767 1024 2813 body,
1036 2768 1098 2801 she
1112 2767 1257 2801 washed
1270 2767 1296 2799 it
1312 2766 1430 2801 before
1441 2766 1588 2812 putting

59 2816 88 2851 it
108 2829 223 2863 away,
243 2819 310 2853 and
328 2831 349 2853 a
365 2831 452 2864 poor
468 2831 542 2853 nun
562 2820 653 2854 with
674 2832 692 2853 a
710 2820 789 2854 stiff
798 2820 893 2854 hand
912 2820 983 2854 and
1000 2832 1076 2854 arm
1094 2832 1168 2854 was
1186 2819 1293 2853 enred
1311 2819 1357 2864 by
1369 2818 1534 2863 washing
1548 2819 1585 2853 in

61 2869 122 2903 the
140 2875 263 2904 water.
314 2871 354 2905 In
374 2871 436 2907 the
455 2877 540 2905 next
568 2872 715 2918 chapter
740 2872 784 2906 he.
802 2872 930 2906 relates
955 2872 1116 2906 miracles
1143 2878 1177 2906 at
1203 2871 1353 2913 Ouudle,
1373 2871 1441 2906 and
1462 2871 1496 2905 iu
1522 2872 1586 2906 the

59 2920 130 2956 last
148 2934 167 2956 a
186 2922 396 2958 miraculous
414 2923 490 2969 sign
508 2923 543 2958 in
561 2924 623 2959 the
643 2924 705 2970 sky
725 2931 760 2959 at
780 2924 909 2971 Ripon,
929 2937 965 2960 as
983 2925 1065 2960 here
1082 2924 1235 2972 printed.

1755 152 1781 195 2
1790 150 1816 196 ε’)

1619 286 1684 316 The
1700 286 1783 325 body

1620 326 1714 355 borne
1731 329 1762 354 to

1621 365 1722 402 lupun
1737 374 1776 394 on

1620 413 1639 433 a
1654 414 1716 440 cur,

1620 671 1681 699 and
1697 670 1808 699 buried

1620 709 1652 738 in
1668 710 1721 738 the

1621 752 1628 765 ⁸
1642 749 1793 778 basilica!

1623 1178 1768 1208 wilfrith

1625 1219 1764 1248 believed
1783 1222 1814 1247 to

1623 1258 1703 1287 have
1719 1258 1794 1287 been

1622 1298 1712 1326 made
1728 1297 1820 1335 equal

1621 1337 1699 1365 with
1717 1337 1762 1366 St.

1623 1375 1716 1405 Peter
1731 1377 1792 1405 and

1623 1414 1824 1445 St.Andrew.

1625 1877 1653 1906 A
1669 1877 1740 1915 sign
1757 1877 1790 1907 in

1625 1918 1680 1946 the
1694 1919 1764 1955 sky.
