<?xml version="1.0" encoding="UTF-8"?>
<!DOCTYPE html PUBLIC "-//W3C//DTD XHTML 1.0 Transitional//EN"
    "http://www.w3.org/TR/xhtml1/DTD/xhtml1-transitional.dtd">
<html xmlns="http://www.w3.org/1999/xhtml" xml:lang="en" lang="en">
 <head>
  <title>
</title>
<meta http-equiv="Content-Type" content="text/html;charset=utf-8" />
  <meta name='ocr-system' content='tesseract 3.04.00' />
  <meta name='ocr-capabilities' content='ocr_page ocr_carea ocr_par ocr_line ocrx_word'/>
</head>
<body>
  <div class='ocr_page' id='page_1' title='image "./memorialsofchurc01fowl/memorialsofchurc01fowl_0075.png"; bbox 0 0 1915 3068; ppageno 0'>
   <div class='ocr_carea' id='block_1_1' title="bbox 442 151 1313 194">
    <p class='ocr_par' dir='ltr' id='par_1_1' title="bbox 442 151 1313 194">
     <span class='ocr_line' id='line_1_1' title="bbox 442 151 1313 194; baseline -0.001 -10"><span class='ocrx_word' id='word_1_1' title='bbox 442 153 674 185; x_wconf 72' lang='lat' dir='ltr'>EXCERl‘Ts</span> <span class='ocrx_word' id='word_1_2' title='bbox 710 151 837 184; x_wconf 77' lang='lat' dir='ltr'><strong>FROM</strong></span> <span class='ocrx_word' id='word_1_3' title='bbox 876 151 1180 194; x_wconf 63' lang='lat' dir='ltr'>Cllssoslcmsss,</span> <span class='ocrx_word' id='word_1_4' title='bbox 1220 152 1313 183; x_wconf 79' lang='lat' dir='ltr'>E&#39;r‹&#39;.</span> 
     </span>
    </p>
   </div>
   <div class='ocr_carea' id='block_1_2' title="bbox 94 264 1642 2947">
    <p class='ocr_par' dir='ltr' id='par_1_2' title="bbox 103 264 1642 509">
     <span class='ocr_line' id='line_1_2' title="bbox 194 264 1640 317; baseline -0.003 -12"><span class='ocrx_word' id='word_1_5' title='bbox 194 264 247 305; x_wconf 88' lang='lat' dir='ltr'>Et</span> <span class='ocrx_word' id='word_1_6' title='bbox 284 264 483 305; x_wconf 78' lang='lat' dir='ltr'>similiter</span> <span class='ocrx_word' id='word_1_7' title='bbox 514 264 703 304; x_wconf 73' lang='lat' dir='ltr'>ostendit</span> <span class='ocrx_word' id='word_1_8' title='bbox 736 265 879 317; x_wconf 81' lang='lat' dir='ltr'>plures</span> <span class='ocrx_word' id='word_1_9' title='bbox 909 264 1011 303; x_wconf 84' lang='lat' dir='ltr'>alias</span> <span class='ocrx_word' id='word_1_10' title='bbox 1039 268 1177 303; x_wconf 83' lang='lat' dir='ltr'>cartas</span> <span class='ocrx_word' id='word_1_11' title='bbox 1206 264 1338 303; x_wconf 79' lang='lat' dir='ltr'>saetas</span> <span class='ocrx_word' id='word_1_12' title='bbox 1363 264 1502 303; x_wconf 81' lang='lat' dir='ltr'>eidem</span> <span class='ocrx_word' id='word_1_13' title='bbox 1525 264 1640 316; x_wconf 87' lang='lat' dir='ltr'>capi-</span> 
     </span>
     <span class='ocr_line' id='line_1_3' title="bbox 104 328 1640 383; baseline -0.002 -14"><span class='ocrx_word' id='word_1_14' title='bbox 104 330 198 369; x_wconf 81' lang='lat' dir='ltr'>tulo</span> <span class='ocrx_word' id='word_1_15' title='bbox 230 344 304 383; x_wconf 88' lang='lat' dir='ltr'>per</span> <span class='ocrx_word' id='word_1_16' title='bbox 337 330 575 369; x_wconf 85' lang='lat' dir='ltr'>Henricum</span> <span class='ocrx_word' id='word_1_17' title='bbox 608 329 772 382; x_wconf 87' lang='lat' dir='ltr'>Regem</span> <span class='ocrx_word' id='word_1_18' title='bbox 806 328 944 367; x_wconf 87' lang='lat' dir='ltr'>filium</span> <span class='ocrx_word' id='word_1_19' title='bbox 977 328 1302 381; x_wconf 82' lang='lat' dir='ltr'>Conquaestoris,</span> <span class='ocrx_word' id='word_1_20' title='bbox 1325 331 1365 367; x_wconf 88' lang='lat' dir='ltr'>et</span> <span class='ocrx_word' id='word_1_21' title='bbox 1390 341 1465 381; x_wconf 90' lang='lat' dir='ltr'>per</span> <span class='ocrx_word' id='word_1_22' title='bbox 1494 341 1640 381; x_wconf 83' lang='lat' dir='ltr'>regem</span> 
     </span>
     <span class='ocr_line' id='line_1_4' title="bbox 106 392 1642 447; baseline -0.001 -14"><span class='ocrx_word' id='word_1_23' title='bbox 106 393 389 447; x_wconf 77' lang='lat' dir='ltr'>Stephanum,</span> <span class='ocrx_word' id='word_1_24' title='bbox 422 393 683 433; x_wconf 85' lang='lat' dir='ltr'>ratificantes</span> <span class='ocrx_word' id='word_1_25' title='bbox 726 396 770 432; x_wconf 78' lang='lat' dir='ltr'>et</span> <span class='ocrx_word' id='word_1_26' title='bbox 812 392 1114 432; x_wconf 86' lang='lat' dir='ltr'>confirmantes</span> <span class='ocrx_word' id='word_1_27' title='bbox 1152 406 1300 432; x_wconf 90' lang='lat' dir='ltr'>omnes</span> <span class='ocrx_word' id='word_1_28' title='bbox 1341 392 1564 431; x_wconf 77' lang='lat' dir='ltr'>libertates</span> <span class='ocrx_word' id='word_1_29' title='bbox 1598 397 1642 431; x_wconf 83' lang='lat' dir='ltr'>et</span> 
     </span>
     <span class='ocr_line' id='line_1_5' title="bbox 103 457 1573 509; baseline -0.002 -12"><span class='ocrx_word' id='word_1_30' title='bbox 103 459 436 498; x_wconf 87' lang='lat' dir='ltr'>consuetudines</span> <span class='ocrx_word' id='word_1_31' title='bbox 459 462 503 497; x_wconf 87' lang='lat' dir='ltr'>et</span> <span class='ocrx_word' id='word_1_32' title='bbox 524 461 658 497; x_wconf 85' lang='lat' dir='ltr'>terras</span> <span class='ocrx_word' id='word_1_33' title='bbox 680 457 866 496; x_wconf 76' lang='lat' dir='ltr'>ecclesiae</span> <span class='ocrx_word' id='word_1_34' title='bbox 889 461 930 495; x_wconf 81' lang='lat' dir='ltr'>et</span> <span class='ocrx_word' id='word_1_35' title='bbox 953 457 1131 509; x_wconf 84' lang='lat' dir='ltr'>capituli</span> <span class='ocrx_word' id='word_1_36' title='bbox 1152 457 1470 509; x_wconf 65' lang='lat' dir='ltr'>praedictorum,</span> <span class='ocrx_word' id='word_1_37' title='bbox 1493 459 1573 495; x_wconf 88' lang='lat' dir='ltr'>etc.</span> 
     </span>
    </p>

    <p class='ocr_par' dir='ltr' id='par_1_3' title="bbox 104 512 1641 638">
     <span class='ocr_line' id='line_1_6' title="bbox 193 512 1641 575; baseline -0.002 -13"><span class='ocrx_word' id='word_1_38' title='bbox 193 522 249 561; x_wconf 75' lang='lat' dir='ltr'>Et</span> <span class='ocrx_word' id='word_1_39' title='bbox 270 523 463 575; x_wconf 75' lang='lat' dir='ltr'>praedicti</span> <span class='ocrx_word' id='word_1_40' title='bbox 488 512 715 574; x_wconf 83' lang='lat' dir='ltr'>Philippus</span> <span class='ocrx_word' id='word_1_41' title='bbox 738 525 783 560; x_wconf 76' lang='lat' dir='ltr'>et</span> <span class='ocrx_word' id='word_1_42' title='bbox 804 520 1048 560; x_wconf 88' lang='lat' dir='ltr'>Willelmus</span> <span class='ocrx_word' id='word_1_43' title='bbox 1069 522 1114 560; x_wconf 91' lang='lat' dir='ltr'>in</span> <span class='ocrx_word' id='word_1_44' title='bbox 1136 521 1316 573; x_wconf 91' lang='lat' dir='ltr'>propriis</span> <span class='ocrx_word' id='word_1_45' title='bbox 1339 521 1530 573; x_wconf 88' lang='lat' dir='ltr'>personis</span> <span class='ocrx_word' id='word_1_46' title='bbox 1555 520 1641 559; x_wconf 88' lang='lat' dir='ltr'>suis</span> 
     </span>
     <span class='ocr_line' id='line_1_7' title="bbox 104 584 1357 638; baseline -0.001 -13"><span class='ocrx_word' id='word_1_47' title='bbox 104 590 317 626; x_wconf 79' lang='lat' dir='ltr'>venerunt</span> <span class='ocrx_word' id='word_1_48' title='bbox 339 591 382 626; x_wconf 84' lang='lat' dir='ltr'>et</span> <span class='ocrx_word' id='word_1_49' title='bbox 403 585 643 626; x_wconf 83' lang='lat' dir='ltr'>defendunt</span> <span class='ocrx_word' id='word_1_50' title='bbox 664 586 751 624; x_wconf 88' lang='lat' dir='ltr'>vim</span> <span class='ocrx_word' id='word_1_51' title='bbox 775 588 815 625; x_wconf 86' lang='lat' dir='ltr'>et</span> <span class='ocrx_word' id='word_1_52' title='bbox 840 584 1044 638; x_wconf 86' lang='lat' dir='ltr'>injuriam</span> <span class='ocrx_word' id='word_1_53' title='bbox 1067 586 1251 638; x_wconf 85' lang='lat' dir='ltr'>quando,</span> <span class='ocrx_word' id='word_1_54' title='bbox 1275 589 1357 624; x_wconf 90' lang='lat' dir='ltr'>etc.</span> 
     </span>
    </p>

    <p class='ocr_par' dir='ltr' id='par_1_4' title="bbox 94 649 1642 1665">
     <span class='ocr_line' id='line_1_8' title="bbox 193 649 1639 703; baseline -0.001 -13"><span class='ocrx_word' id='word_1_55' title='bbox 193 651 250 690; x_wconf 79' lang='lat' dir='ltr'>Et</span> <span class='ocrx_word' id='word_1_56' title='bbox 275 649 503 703; x_wconf 84' lang='lat' dir='ltr'>Philippus</span> <span class='ocrx_word' id='word_1_57' title='bbox 535 650 642 689; x_wconf 80' lang='lat' dir='ltr'>dicit</span> <span class='ocrx_word' id='word_1_58' title='bbox 672 649 786 702; x_wconf 91' lang='lat' dir='ltr'>quod</span> <span class='ocrx_word' id='word_1_59' title='bbox 818 649 1056 702; x_wconf 82' lang='lat' dir='ltr'>capitulum</span> <span class='ocrx_word' id='word_1_60' title='bbox 1087 649 1273 689; x_wconf 71' lang='lat' dir='ltr'>ecc-lesiae</span> <span class='ocrx_word' id='word_1_61' title='bbox 1308 649 1522 702; x_wconf 78' lang='lat' dir='ltr'>praedictae</span> <span class='ocrx_word' id='word_1_62' title='bbox 1555 663 1639 688; x_wconf 87' lang='lat' dir='ltr'>non</span> 
     </span>
     <span class='ocr_line' id='line_1_9' title="bbox 104 713 1642 763; baseline -0.002 -8"><span class='ocrx_word' id='word_1_63' title='bbox 104 713 234 755; x_wconf 76' lang='lat' dir='ltr'>habet</span> <span class='ocrx_word' id='word_1_64' title='bbox 249 728 328 754; x_wconf 88' lang='lat' dir='ltr'>nec</span> <span class='ocrx_word' id='word_1_65' title='bbox 350 713 507 754; x_wconf 85' lang='lat' dir='ltr'>habere</span> <span class='ocrx_word' id='word_1_66' title='bbox 530 714 707 754; x_wconf 79' lang='lat' dir='ltr'>deberet</span> <span class='ocrx_word' id='word_1_67' title='bbox 727 714 833 753; x_wconf 83' lang='lat' dir='ltr'>tales</span> <span class='ocrx_word' id='word_1_68' title='bbox 856 713 1076 752; x_wconf 75' lang='lat' dir='ltr'>libertates</span> <span class='ocrx_word' id='word_1_69' title='bbox 1101 714 1209 753; x_wconf 87' lang='lat' dir='ltr'>sicut</span> <span class='ocrx_word' id='word_1_70' title='bbox 1232 713 1388 753; x_wconf 86' lang='lat' dir='ltr'>clamat</span> <span class='ocrx_word' id='word_1_71' title='bbox 1404 713 1544 763; x_wconf 90' lang='lat' dir='ltr'>modo,</span> <span class='ocrx_word' id='word_1_72' title='bbox 1562 727 1642 752; x_wconf 88' lang='lat' dir='ltr'>nec</span> 
     </span>
     <span class='ocr_line' id='line_1_10' title="bbox 102 777 1641 833; baseline -0.002 -15"><span class='ocrx_word' id='word_1_73' title='bbox 102 781 194 833; x_wconf 90' lang='lat' dir='ltr'>ipse</span> <span class='ocrx_word' id='word_1_74' title='bbox 214 779 379 832; x_wconf 85' lang='lat' dir='ltr'>aliquas</span> <span class='ocrx_word' id='word_1_75' title='bbox 404 779 626 818; x_wconf 78' lang='lat' dir='ltr'>libertates</span> <span class='ocrx_word' id='word_1_76' title='bbox 660 791 734 817; x_wconf 87' lang='lat' dir='ltr'>seu</span> <span class='ocrx_word' id='word_1_77' title='bbox 766 777 921 816; x_wconf 86' lang='lat' dir='ltr'>liberas</span> <span class='ocrx_word' id='word_1_78' title='bbox 954 778 1287 817; x_wconf 85' lang='lat' dir='ltr'>consuetudines</span> <span class='ocrx_word' id='word_1_79' title='bbox 1321 791 1416 817; x_wconf 83' lang='lat' dir='ltr'>suas</span> <span class='ocrx_word' id='word_1_80' title='bbox 1449 777 1641 831; x_wconf 81' lang='lat' dir='ltr'>infregit,</span> 
     </span>
     <span class='ocr_line' id='line_1_11' title="bbox 102 840 1642 894; baseline -0.001 -12"><span class='ocrx_word' id='word_1_81' title='bbox 102 857 180 883; x_wconf 87' lang='lat' dir='ltr'>nec</span> <span class='ocrx_word' id='word_1_82' title='bbox 197 843 307 882; x_wconf 87' lang='lat' dir='ltr'>infra</span> <span class='ocrx_word' id='word_1_83' title='bbox 324 843 497 882; x_wconf 84' lang='lat' dir='ltr'>feodum</span> <span class='ocrx_word' id='word_1_84' title='bbox 516 856 641 881; x_wconf 90' lang='lat' dir='ltr'>suum</span> <span class='ocrx_word' id='word_1_85' title='bbox 660 856 736 881; x_wconf 85' lang='lat' dir='ltr'>nec</span> <span class='ocrx_word' id='word_1_86' title='bbox 755 840 900 880; x_wconf 84' lang='lat' dir='ltr'>sokam</span> <span class='ocrx_word' id='word_1_87' title='bbox 917 841 1079 894; x_wconf 85' lang='lat' dir='ltr'>aliquas</span> <span class='ocrx_word' id='word_1_88' title='bbox 1097 841 1277 894; x_wconf 86' lang='lat' dir='ltr'>injurias</span> <span class='ocrx_word' id='word_1_89' title='bbox 1291 841 1408 891; x_wconf 86' lang='lat' dir='ltr'>fecit,</span> <span class='ocrx_word' id='word_1_90' title='bbox 1423 842 1523 893; x_wconf 81' lang='lat' dir='ltr'>quia</span> <span class='ocrx_word' id='word_1_91' title='bbox 1536 842 1642 881; x_wconf 77' lang='lat' dir='ltr'>dicit</span> 
     </span>
     <span class='ocr_line' id='line_1_12' title="bbox 102 905 1641 961; baseline -0.001 -14"><span class='ocrx_word' id='word_1_92' title='bbox 102 908 215 961; x_wconf 91' lang='lat' dir='ltr'>quod</span> <span class='ocrx_word' id='word_1_93' title='bbox 237 908 282 946; x_wconf 89' lang='lat' dir='ltr'>in</span> <span class='ocrx_word' id='word_1_94' title='bbox 304 907 425 946; x_wconf 92' lang='lat' dir='ltr'>nullo</span> <span class='ocrx_word' id='word_1_95' title='bbox 445 910 697 946; x_wconf 84' lang='lat' dir='ltr'>tenemento</span> <span class='ocrx_word' id='word_1_96' title='bbox 719 906 764 944; x_wconf 88' lang='lat' dir='ltr'>in</span> <span class='ocrx_word' id='word_1_97' title='bbox 781 905 937 958; x_wconf 88' lang='lat' dir='ltr'>quibus</span> <span class='ocrx_word' id='word_1_98' title='bbox 959 905 1199 958; x_wconf 78' lang='lat' dir='ltr'>capitulum</span> <span class='ocrx_word' id='word_1_99' title='bbox 1221 905 1376 944; x_wconf 85' lang='lat' dir='ltr'>clamat</span> <span class='ocrx_word' id='word_1_100' title='bbox 1399 905 1573 944; x_wconf 87' lang='lat' dir='ltr'>feodum</span> <span class='ocrx_word' id='word_1_101' title='bbox 1598 911 1641 945; x_wconf 77' lang='lat' dir='ltr'>et</span> 
     </span>
     <span class='ocr_line' id='line_1_13' title="bbox 102 968 1641 1024; baseline -0.002 -13"><span class='ocrx_word' id='word_1_102' title='bbox 102 972 248 1012; x_wconf 87' lang='lat' dir='ltr'>sokam</span> <span class='ocrx_word' id='word_1_103' title='bbox 272 985 392 1011; x_wconf 87' lang='lat' dir='ltr'>suam</span> <span class='ocrx_word' id='word_1_104' title='bbox 416 985 521 1020; x_wconf 89' lang='lat' dir='ltr'>esse,</span> <span class='ocrx_word' id='word_1_105' title='bbox 544 970 729 1024; x_wconf 76' lang='lat' dir='ltr'>quilibet</span> <span class='ocrx_word' id='word_1_106' title='bbox 750 970 978 1008; x_wconf 87' lang='lat' dir='ltr'>canonicus</span> <span class='ocrx_word' id='word_1_107' title='bbox 1000 970 1046 1008; x_wconf 86' lang='lat' dir='ltr'>in</span> <span class='ocrx_word' id='word_1_108' title='bbox 1079 969 1262 1009; x_wconf 85' lang='lat' dir='ltr'>eeclesia</span> <span class='ocrx_word' id='word_1_109' title='bbox 1282 969 1487 1022; x_wconf 75' lang='lat' dir='ltr'>praedicta</span> <span class='ocrx_word' id='word_1_110' title='bbox 1510 968 1641 1009; x_wconf 82' lang='lat' dir='ltr'>habet</span> 
     </span>
     <span class='ocr_line' id='line_1_14' title="bbox 102 1034 1640 1086; baseline -0.003 -10"><span class='ocrx_word' id='word_1_111' title='bbox 102 1036 275 1076; x_wconf 88' lang='lat' dir='ltr'>feodum</span> <span class='ocrx_word' id='word_1_112' title='bbox 308 1049 434 1075; x_wconf 86' lang='lat' dir='ltr'>suum</span> <span class='ocrx_word' id='word_1_113' title='bbox 457 1039 498 1075; x_wconf 92' lang='lat' dir='ltr'>et</span> <span class='ocrx_word' id='word_1_114' title='bbox 523 1034 669 1074; x_wconf 82' lang='lat' dir='ltr'>sokam</span> <span class='ocrx_word' id='word_1_115' title='bbox 702 1048 821 1073; x_wconf 88' lang='lat' dir='ltr'>suam</span> <span class='ocrx_word' id='word_1_116' title='bbox 854 1034 907 1073; x_wconf 88' lang='lat' dir='ltr'>de</span> <span class='ocrx_word' id='word_1_117' title='bbox 938 1035 1202 1073; x_wconf 87' lang='lat' dir='ltr'>tenementis</span> <span class='ocrx_word' id='word_1_118' title='bbox 1236 1034 1323 1073; x_wconf 86' lang='lat' dir='ltr'>suis</span> <span class='ocrx_word' id='word_1_119' title='bbox 1354 1037 1589 1086; x_wconf 81' lang='lat' dir='ltr'>separatam</span> <span class='ocrx_word' id='word_1_120' title='bbox 1616 1048 1640 1073; x_wconf 85' lang='lat' dir='ltr'>a</span> 
     </span>
     <span class='ocr_line' id='line_1_15' title="bbox 100 1096 1639 1152; baseline -0.003 -12"><span class='ocrx_word' id='word_1_121' title='bbox 100 1099 225 1140; x_wconf 89' lang='lat' dir='ltr'>feodo</span> <span class='ocrx_word' id='word_1_122' title='bbox 256 1099 450 1152; x_wconf 84' lang='lat' dir='ltr'>capituli,</span> <span class='ocrx_word' id='word_1_123' title='bbox 474 1103 536 1138; x_wconf 89' lang='lat' dir='ltr'>set</span> <span class='ocrx_word' id='word_1_124' title='bbox 563 1099 718 1152; x_wconf 85' lang='lat' dir='ltr'>aliquae</span> <span class='ocrx_word' id='word_1_125' title='bbox 746 1098 857 1137; x_wconf 87' lang='lat' dir='ltr'>tales</span> <span class='ocrx_word' id='word_1_126' title='bbox 889 1097 1110 1138; x_wconf 82' lang='lat' dir='ltr'>libertates</span> <span class='ocrx_word' id='word_1_127' title='bbox 1133 1096 1271 1152; x_wconf 75' lang='lat' dir='ltr'>(quae)</span> <span class='ocrx_word' id='word_1_128' title='bbox 1295 1099 1381 1137; x_wconf 87' lang='lat' dir='ltr'>sint</span> <span class='ocrx_word' id='word_1_129' title='bbox 1403 1099 1449 1137; x_wconf 90' lang='lat' dir='ltr'>in</span> <span class='ocrx_word' id='word_1_130' title='bbox 1472 1099 1639 1151; x_wconf 74' lang='lat' dir='ltr'>Rypon,</span> 
     </span>
     <span class='ocr_line' id='line_1_16' title="bbox 101 1161 1639 1216; baseline -0.001 -14"><span class='ocrx_word' id='word_1_131' title='bbox 101 1163 186 1203; x_wconf 85' lang='lat' dir='ltr'>illae</span> <span class='ocrx_word' id='word_1_132' title='bbox 217 1163 438 1216; x_wconf 89' lang='lat' dir='ltr'>pertinent</span> <span class='ocrx_word' id='word_1_133' title='bbox 469 1163 522 1201; x_wconf 88' lang='lat' dir='ltr'>ad</span> <span class='ocrx_word' id='word_1_134' title='bbox 553 1161 935 1215; x_wconf 81' lang='lat' dir='ltr'>archiepiscopum,</span> <span class='ocrx_word' id='word_1_135' title='bbox 958 1162 1032 1214; x_wconf 87' lang='lat' dir='ltr'>qui</span> <span class='ocrx_word' id='word_1_136' title='bbox 1065 1165 1130 1200; x_wconf 82' lang='lat' dir='ltr'>est</span> <span class='ocrx_word' id='word_1_137' title='bbox 1161 1162 1360 1201; x_wconf 86' lang='lat' dir='ltr'>dominus</span> <span class='ocrx_word' id='word_1_138' title='bbox 1382 1162 1563 1200; x_wconf 87' lang='lat' dir='ltr'>manerii</span> <span class='ocrx_word' id='word_1_139' title='bbox 1585 1162 1639 1201; x_wconf 85' lang='lat' dir='ltr'>de</span> 
     </span>
     <span class='ocr_line' id='line_1_17' title="bbox 101 1224 1638 1281; baseline -0.001 -14"><span class='ocrx_word' id='word_1_140' title='bbox 101 1228 255 1281; x_wconf 85' lang='lat' dir='ltr'>Rypon</span> <span class='ocrx_word' id='word_1_141' title='bbox 278 1231 321 1267; x_wconf 51' lang='lat' dir='ltr'>et¹</span> <span class='ocrx_word' id='word_1_142' title='bbox 344 1227 532 1267; x_wconf 78' lang='lat' dir='ltr'>eeclesiae</span> <span class='ocrx_word' id='word_1_143' title='bbox 565 1227 780 1276; x_wconf 87' lang='lat' dir='ltr'>similiter,</span> <span class='ocrx_word' id='word_1_144' title='bbox 803 1230 847 1265; x_wconf 82' lang='lat' dir='ltr'>et</span> <span class='ocrx_word' id='word_1_145' title='bbox 870 1224 1001 1265; x_wconf 77' lang='lat' dir='ltr'>habet</span> <span class='ocrx_word' id='word_1_146' title='bbox 1034 1225 1180 1265; x_wconf 87' lang='lat' dir='ltr'>sokam</span> <span class='ocrx_word' id='word_1_147' title='bbox 1214 1240 1335 1265; x_wconf 87' lang='lat' dir='ltr'>suam</span> <span class='ocrx_word' id='word_1_148' title='bbox 1368 1226 1530 1265; x_wconf 83' lang='lat' dir='ltr'>ibidem</span> <span class='ocrx_word' id='word_1_149' title='bbox 1562 1240 1638 1279; x_wconf 80' lang='lat' dir='ltr'>per</span> 
     </span>
     <span class='ocr_line' id='line_1_18' title="bbox 99 1290 1638 1343; baseline -0.001 -12"><span class='ocrx_word' id='word_1_150' title='bbox 99 1296 242 1331; x_wconf 90' lang='lat' dir='ltr'>totum</span> <span class='ocrx_word' id='word_1_151' title='bbox 264 1293 507 1331; x_wconf 85' lang='lat' dir='ltr'>manerium</span> <span class='ocrx_word' id='word_1_152' title='bbox 529 1305 670 1341; x_wconf 90' lang='lat' dir='ltr'>suum,</span> <span class='ocrx_word' id='word_1_153' title='bbox 693 1294 737 1330; x_wconf 80' lang='lat' dir='ltr'>et</span> <span class='ocrx_word' id='word_1_154' title='bbox 768 1290 869 1343; x_wconf 87' lang='lat' dir='ltr'>quia</span> <span class='ocrx_word' id='word_1_155' title='bbox 899 1290 1139 1343; x_wconf 83' lang='lat' dir='ltr'>capitulum</span> <span class='ocrx_word' id='word_1_156' title='bbox 1172 1294 1215 1330; x_wconf 84' lang='lat' dir='ltr'>et</span> <span class='ocrx_word' id='word_1_157' title='bbox 1245 1290 1423 1329; x_wconf 86' lang='lat' dir='ltr'>ecclesia</span> <span class='ocrx_word' id='word_1_158' title='bbox 1454 1290 1507 1330; x_wconf 90' lang='lat' dir='ltr'>de</span> <span class='ocrx_word' id='word_1_159' title='bbox 1529 1304 1638 1329; x_wconf 79' lang='lat' dir='ltr'>novo</span> 
     </span>
     <span class='ocr_line' id='line_1_19' title="bbox 94 1353 1638 1409; baseline -0.001 -14"><span class='ocrx_word' id='word_1_160' title='bbox 94 1355 187 1409; x_wconf 89' lang='lat' dir='ltr'>jam</span> <span class='ocrx_word' id='word_1_161' title='bbox 218 1356 484 1409; x_wconf 34' lang='lat' dir='ltr'>usurpabant*</span> <span class='ocrx_word' id='word_1_162' title='bbox 514 1355 623 1395; x_wconf 83' lang='lat' dir='ltr'>tales</span> <span class='ocrx_word' id='word_1_163' title='bbox 665 1355 903 1405; x_wconf 82' lang='lat' dir='ltr'>libertates,</span> <span class='ocrx_word' id='word_1_164' title='bbox 945 1355 1037 1407; x_wconf 89' lang='lat' dir='ltr'>ipse</span> <span class='ocrx_word' id='word_1_165' title='bbox 1078 1353 1308 1407; x_wconf 86' lang='lat' dir='ltr'>Philippus</span> <span class='ocrx_word' id='word_1_166' title='bbox 1345 1368 1421 1407; x_wconf 88' lang='lat' dir='ltr'>pro</span> <span class='ocrx_word' id='word_1_167' title='bbox 1463 1354 1638 1393; x_wconf 89' lang='lat' dir='ltr'>domino</span> 
     </span>
     <span class='ocr_line' id='line_1_20' title="bbox 101 1417 1638 1474; baseline -0.001 -15"><span class='ocrx_word' id='word_1_168' title='bbox 101 1420 235 1474; x_wconf 84' lang='lat' dir='ltr'>Rege,</span> <span class='ocrx_word' id='word_1_169' title='bbox 269 1434 355 1460; x_wconf 85' lang='lat' dir='ltr'>una</span> <span class='ocrx_word' id='word_1_170' title='bbox 388 1434 487 1460; x_wconf 90' lang='lat' dir='ltr'>cum</span> <span class='ocrx_word' id='word_1_171' title='bbox 528 1420 621 1473; x_wconf 88' lang='lat' dir='ltr'>ipso</span> <span class='ocrx_word' id='word_1_172' title='bbox 656 1418 892 1469; x_wconf 76' lang='lat' dir='ltr'>willelmo,</span> <span class='ocrx_word' id='word_1_173' title='bbox 931 1418 1087 1458; x_wconf 88' lang='lat' dir='ltr'>ballivo</span> <span class='ocrx_word' id='word_1_174' title='bbox 1117 1417 1425 1471; x_wconf 82' lang='lat' dir='ltr'>archiepiscopi</span> <span class='ocrx_word' id='word_1_175' title='bbox 1460 1419 1638 1467; x_wconf 85' lang='lat' dir='ltr'>ibidem,</span> 
     </span>
     <span class='ocr_line' id='line_1_21' title="bbox 100 1482 1636 1537; baseline -0.001 -15"><span class='ocrx_word' id='word_1_176' title='bbox 100 1484 346 1537; x_wconf 79' lang='lat' dir='ltr'>impediunt</span> <span class='ocrx_word' id='word_1_177' title='bbox 366 1484 475 1524; x_wconf 82' lang='lat' dir='ltr'>tales</span> <span class='ocrx_word' id='word_1_178' title='bbox 497 1484 720 1524; x_wconf 82' lang='lat' dir='ltr'>libertates</span> <span class='ocrx_word' id='word_1_179' title='bbox 742 1496 833 1523; x_wconf 87' lang='lat' dir='ltr'>esse</span> <span class='ocrx_word' id='word_1_180' title='bbox 863 1483 1038 1522; x_wconf 88' lang='lat' dir='ltr'>nomine</span> <span class='ocrx_word' id='word_1_181' title='bbox 1070 1483 1205 1536; x_wconf 85' lang='lat' dir='ltr'>ipsius</span> <span class='ocrx_word' id='word_1_182' title='bbox 1237 1482 1430 1536; x_wconf 84' lang='lat' dir='ltr'>capituli,</span> <span class='ocrx_word' id='word_1_183' title='bbox 1453 1483 1553 1536; x_wconf 90' lang='lat' dir='ltr'>quia</span> <span class='ocrx_word' id='word_1_184' title='bbox 1584 1483 1636 1522; x_wconf 86' lang='lat' dir='ltr'>ad</span> 
     </span>
     <span class='ocr_line' id='line_1_22' title="bbox 101 1546 1636 1601; baseline -0.001 -14"><span class='ocrx_word' id='word_1_185' title='bbox 101 1548 339 1601; x_wconf 87' lang='lat' dir='ltr'>capitulum</span> <span class='ocrx_word' id='word_1_186' title='bbox 368 1549 477 1588; x_wconf 89' lang='lat' dir='ltr'>illud</span> <span class='ocrx_word' id='word_1_187' title='bbox 509 1549 616 1588; x_wconf 86' lang='lat' dir='ltr'>tales</span> <span class='ocrx_word' id='word_1_188' title='bbox 648 1548 870 1588; x_wconf 80' lang='lat' dir='ltr'>libertates</span> <span class='ocrx_word' id='word_1_189' title='bbox 902 1561 987 1587; x_wconf 90' lang='lat' dir='ltr'>non</span> <span class='ocrx_word' id='word_1_190' title='bbox 1019 1548 1255 1600; x_wconf 83' lang='lat' dir='ltr'>pertinent,</span> <span class='ocrx_word' id='word_1_191' title='bbox 1278 1551 1321 1587; x_wconf 50' lang='lat' dir='ltr'>et¹</span> <span class='ocrx_word' id='word_1_192' title='bbox 1352 1546 1432 1586; x_wconf 84' lang='lat' dir='ltr'>hoc</span> <span class='ocrx_word' id='word_1_193' title='bbox 1462 1551 1636 1600; x_wconf 81' lang='lat' dir='ltr'>paratus</span> 
     </span>
     <span class='ocr_line' id='line_1_23' title="bbox 101 1602 1475 1665; baseline -0.001 -14"><span class='ocrx_word' id='word_1_194' title='bbox 101 1616 164 1651; x_wconf 87' lang='lat' dir='ltr'>est</span> <span class='ocrx_word' id='word_1_195' title='bbox 188 1612 427 1662; x_wconf 83' lang='lat' dir='ltr'>verefieare,</span> <span class='ocrx_word' id='word_1_196' title='bbox 450 1617 546 1662; x_wconf 88' lang='lat' dir='ltr'>etc.,</span> <span class='ocrx_word' id='word_1_197' title='bbox 568 1613 684 1652; x_wconf 88' lang='lat' dir='ltr'>unde</span> <span class='ocrx_word' id='word_1_198' title='bbox 705 1612 818 1665; x_wconf 83' lang='lat' dir='ltr'>petit</span> <span class='ocrx_word' id='word_1_199' title='bbox 834 1611 1065 1665; x_wconf 80' lang='lat' dir='ltr'>judicium,</span> <span class='ocrx_word' id='word_1_200' title='bbox 1089 1615 1171 1651; x_wconf 89' lang='lat' dir='ltr'>eto.</span> <span class='ocrx_word' id='word_1_201' title='bbox 1473 1602 1475 1604; x_wconf 32' lang='lat'>¹</span> 
     </span>
    </p>

    <p class='ocr_par' dir='ltr' id='par_1_5' title="bbox 99 1675 1638 2819">
     <span class='ocr_line' id='line_1_24' title="bbox 191 1675 1637 1730; baseline 0 -15"><span class='ocrx_word' id='word_1_202' title='bbox 191 1678 245 1716; x_wconf 89' lang='lat' dir='ltr'>Et</span> <span class='ocrx_word' id='word_1_203' title='bbox 269 1677 514 1717; x_wconf 70' lang='lat' dir='ltr'>Willelmus</span> <span class='ocrx_word' id='word_1_204' title='bbox 536 1678 642 1718; x_wconf 81' lang='lat' dir='ltr'>dicit</span> <span class='ocrx_word' id='word_1_205' title='bbox 664 1677 777 1730; x_wconf 89' lang='lat' dir='ltr'>quod</span> <span class='ocrx_word' id='word_1_206' title='bbox 799 1677 890 1730; x_wconf 89' lang='lat' dir='ltr'>ipse</span> <span class='ocrx_word' id='word_1_207' title='bbox 921 1676 1105 1716; x_wconf 85' lang='lat' dir='ltr'>ballivus</span> <span class='ocrx_word' id='word_1_208' title='bbox 1129 1675 1308 1716; x_wconf 83' lang='lat' dir='ltr'>Walteri</span> <span class='ocrx_word' id='word_1_209' title='bbox 1330 1675 1637 1729; x_wconf 67' lang='lat' dir='ltr'>archiepisc-opi</span> 
     </span>
     <span class='ocr_line' id='line_1_25' title="bbox 101 1739 1637 1794; baseline 0 -15"><span class='ocrx_word' id='word_1_210' title='bbox 101 1741 378 1781; x_wconf 87' lang='lat' dir='ltr'>Eboracensis</span> <span class='ocrx_word' id='word_1_211' title='bbox 399 1743 581 1782; x_wconf 85' lang='lat' dir='ltr'>manerii</span> <span class='ocrx_word' id='word_1_212' title='bbox 604 1742 669 1781; x_wconf 86' lang='lat' dir='ltr'>sui</span> <span class='ocrx_word' id='word_1_213' title='bbox 691 1742 745 1781; x_wconf 91' lang='lat' dir='ltr'>de</span> <span class='ocrx_word' id='word_1_214' title='bbox 768 1741 934 1794; x_wconf 85' lang='lat' dir='ltr'>Ripon3</span> <span class='ocrx_word' id='word_1_215' title='bbox 958 1744 1002 1780; x_wconf 83' lang='lat' dir='ltr'>et</span> <span class='ocrx_word' id='word_1_216' title='bbox 1025 1755 1151 1794; x_wconf 89' lang='lat' dir='ltr'>super</span> <span class='ocrx_word' id='word_1_217' title='bbox 1172 1739 1251 1779; x_wconf 90' lang='lat' dir='ltr'>hoc</span> <span class='ocrx_word' id='word_1_218' title='bbox 1268 1741 1496 1793; x_wconf 62' lang='lat' dir='ltr'>praedictus</span> <span class='ocrx_word' id='word_1_219' title='bbox 1522 1741 1637 1779; x_wconf 76' lang='lat' dir='ltr'>Wal-</span> 
     </span>
     <span class='ocr_line' id='line_1_26' title="bbox 100 1804 1636 1859; baseline -0.001 -15"><span class='ocrx_word' id='word_1_220' title='bbox 100 1809 218 1844; x_wconf 87' lang='lat' dir='ltr'>terus</span> <span class='ocrx_word' id='word_1_221' title='bbox 231 1804 587 1859; x_wconf 81' lang='lat' dir='ltr'>archiepiscopus,</span> <span class='ocrx_word' id='word_1_222' title='bbox 601 1809 707 1845; x_wconf 87' lang='lat' dir='ltr'>tunc</span> <span class='ocrx_word' id='word_1_223' title='bbox 722 1805 784 1844; x_wconf 91' lang='lat' dir='ltr'>ibi</span> <span class='ocrx_word' id='word_1_224' title='bbox 800 1818 986 1858; x_wconf 63' lang='lat' dir='ltr'>praesens</span> <span class='ocrx_word' id='word_1_225' title='bbox 1002 1819 1101 1844; x_wconf 87' lang='lat' dir='ltr'>cum</span> <span class='ocrx_word' id='word_1_226' title='bbox 1118 1804 1293 1858; x_wconf 82' lang='lat' dir='ltr'>praefato</span> <span class='ocrx_word' id='word_1_227' title='bbox 1307 1804 1527 1843; x_wconf 70' lang='lat' dir='ltr'>willelmo</span> <span class='ocrx_word' id='word_1_228' title='bbox 1544 1804 1636 1843; x_wconf 84' lang='lat' dir='ltr'>bal-</span> 
     </span>
     <span class='ocr_line' id='line_1_27' title="bbox 99 1867 1636 1923; baseline 0 -16"><span class='ocrx_word' id='word_1_229' title='bbox 99 1868 185 1908; x_wconf 79' lang='lat' dir='ltr'>livo</span> <span class='ocrx_word' id='word_1_230' title='bbox 203 1883 291 1919; x_wconf 91' lang='lat' dir='ltr'>suo,</span> <span class='ocrx_word' id='word_1_231' title='bbox 307 1870 410 1909; x_wconf 88' lang='lat' dir='ltr'>dicit</span> <span class='ocrx_word' id='word_1_232' title='bbox 429 1871 542 1922; x_wconf 90' lang='lat' dir='ltr'>quod</span> <span class='ocrx_word' id='word_1_233' title='bbox 560 1871 650 1923; x_wconf 87' lang='lat' dir='ltr'>ipse</span> <span class='ocrx_word' id='word_1_234' title='bbox 669 1873 713 1909; x_wconf 86' lang='lat' dir='ltr'>et</span> <span class='ocrx_word' id='word_1_235' title='bbox 730 1883 878 1908; x_wconf 89' lang='lat' dir='ltr'>omnes</span> <span class='ocrx_word' id='word_1_236' title='bbox 894 1869 1223 1922; x_wconf 73' lang='lat' dir='ltr'>praedecessores</span> <span class='ocrx_word' id='word_1_237' title='bbox 1247 1869 1311 1907; x_wconf 90' lang='lat' dir='ltr'>sui</span> <span class='ocrx_word' id='word_1_238' title='bbox 1329 1867 1636 1922; x_wconf 68' lang='lat' dir='ltr'>archiepiscopi</span> 
     </span>
     <span class='ocr_line' id='line_1_28' title="bbox 100 1932 1636 1986; baseline -0.001 -14"><span class='ocrx_word' id='word_1_239' title='bbox 100 1932 400 1982; x_wconf 78' lang='lat' dir='ltr'>Eboracenses,</span> <span class='ocrx_word' id='word_1_240' title='bbox 422 1934 496 1973; x_wconf 89' lang='lat' dir='ltr'>diu</span> <span class='ocrx_word' id='word_1_241' title='bbox 518 1938 619 1973; x_wconf 90' lang='lat' dir='ltr'>ante</span> <span class='ocrx_word' id='word_1_242' title='bbox 641 1937 936 1986; x_wconf 84' lang='lat' dir='ltr'>conquaestum</span> <span class='ocrx_word' id='word_1_243' title='bbox 958 1946 1094 1985; x_wconf 89' lang='lat' dir='ltr'>usque</span> <span class='ocrx_word' id='word_1_244' title='bbox 1116 1946 1247 1982; x_wconf 82' lang='lat' dir='ltr'>nune,</span> <span class='ocrx_word' id='word_1_245' title='bbox 1269 1932 1443 1971; x_wconf 86' lang='lat' dir='ltr'>fuerunt</span> <span class='ocrx_word' id='word_1_246' title='bbox 1471 1933 1636 1972; x_wconf 88' lang='lat' dir='ltr'>domini</span> 
     </span>
     <span class='ocr_line' id='line_1_29' title="bbox 99 1996 1636 2050; baseline 0.001 -15"><span class='ocrx_word' id='word_1_247' title='bbox 99 1997 279 2036; x_wconf 85' lang='lat' dir='ltr'>manerii</span> <span class='ocrx_word' id='word_1_248' title='bbox 300 1998 353 2036; x_wconf 90' lang='lat' dir='ltr'>de</span> <span class='ocrx_word' id='word_1_249' title='bbox 375 1998 516 2050; x_wconf 88' lang='lat' dir='ltr'>Ripon</span> <span class='ocrx_word' id='word_1_250' title='bbox 539 2002 582 2037; x_wconf 85' lang='lat' dir='ltr'>et</span> <span class='ocrx_word' id='word_1_251' title='bbox 605 1998 798 2037; x_wconf 87' lang='lat' dir='ltr'>omnium</span> <span class='ocrx_word' id='word_1_252' title='bbox 820 2000 1037 2036; x_wconf 74' lang='lat' dir='ltr'>vastorum</span> <span class='ocrx_word' id='word_1_253' title='bbox 1067 2002 1111 2036; x_wconf 90' lang='lat' dir='ltr'>et</span> <span class='ocrx_word' id='word_1_254' title='bbox 1142 1996 1363 2035; x_wconf 83' lang='lat' dir='ltr'>feodorum</span> <span class='ocrx_word' id='word_1_255' title='bbox 1386 1996 1562 2046; x_wconf 81' lang='lat' dir='ltr'>ibidem,</span> <span class='ocrx_word' id='word_1_256' title='bbox 1586 2002 1636 2036; x_wconf 82' lang='lat' dir='ltr'>ut</span> 
     </span>
     <span class='ocr_line' id='line_1_30' title="bbox 99 2060 1635 2113; baseline 0 -14"><span class='ocrx_word' id='word_1_257' title='bbox 99 2060 151 2099; x_wconf 88' lang='lat' dir='ltr'>de</span> <span class='ocrx_word' id='word_1_258' title='bbox 183 2060 281 2113; x_wconf 89' lang='lat' dir='ltr'>jure</span> <span class='ocrx_word' id='word_1_259' title='bbox 316 2061 504 2101; x_wconf 74' lang='lat' dir='ltr'>ecclesiae</span> <span class='ocrx_word' id='word_1_260' title='bbox 538 2075 624 2101; x_wconf 86' lang='lat' dir='ltr'>suae</span> <span class='ocrx_word' id='word_1_261' title='bbox 657 2061 774 2101; x_wconf 85' lang='lat' dir='ltr'>beati</span> <span class='ocrx_word' id='word_1_262' title='bbox 805 2060 926 2100; x_wconf 82' lang='lat' dir='ltr'>Petri</span> <span class='ocrx_word' id='word_1_263' title='bbox 962 2060 1260 2109; x_wconf 87' lang='lat' dir='ltr'>Eboracensis,</span> <span class='ocrx_word' id='word_1_264' title='bbox 1298 2064 1341 2099; x_wconf 89' lang='lat' dir='ltr'>et</span> <span class='ocrx_word' id='word_1_265' title='bbox 1377 2074 1453 2113; x_wconf 89' lang='lat' dir='ltr'>per</span> <span class='ocrx_word' id='word_1_266' title='bbox 1489 2064 1635 2099; x_wconf 85' lang='lat' dir='ltr'>totum</span> 
     </span>
     <span class='ocr_line' id='line_1_31' title="bbox 99 2123 1633 2178; baseline 0 -16"><span class='ocrx_word' id='word_1_267' title='bbox 99 2125 339 2164; x_wconf 81' lang='lat' dir='ltr'>manerium</span> <span class='ocrx_word' id='word_1_268' title='bbox 359 2139 485 2165; x_wconf 90' lang='lat' dir='ltr'>suum</span> <span class='ocrx_word' id='word_1_269' title='bbox 508 2126 761 2178; x_wconf 81' lang='lat' dir='ltr'>praedictum</span> <span class='ocrx_word' id='word_1_270' title='bbox 782 2125 874 2178; x_wconf 87' lang='lat' dir='ltr'>ipse</span> <span class='ocrx_word' id='word_1_271' title='bbox 896 2128 939 2164; x_wconf 79' lang='lat' dir='ltr'>et</span> <span class='ocrx_word' id='word_1_272' title='bbox 960 2125 1279 2178; x_wconf 82' lang='lat' dir='ltr'>predecessores</span> <span class='ocrx_word' id='word_1_273' title='bbox 1303 2124 1367 2163; x_wconf 91' lang='lat' dir='ltr'>sui</span> <span class='ocrx_word' id='word_1_274' title='bbox 1390 2123 1633 2163; x_wconf 83' lang='lat' dir='ltr'>habuerunt</span> 
     </span>
     <span class='ocr_line' id='line_1_32' title="bbox 100 2187 1633 2241; baseline 0 -15"><span class='ocrx_word' id='word_1_275' title='bbox 100 2187 246 2227; x_wconf 90' lang='lat' dir='ltr'>sokam</span> <span class='ocrx_word' id='word_1_276' title='bbox 279 2202 414 2238; x_wconf 90' lang='lat' dir='ltr'>suam,</span> <span class='ocrx_word' id='word_1_277' title='bbox 446 2193 490 2229; x_wconf 82' lang='lat' dir='ltr'>et</span> <span class='ocrx_word' id='word_1_278' title='bbox 521 2203 668 2229; x_wconf 86' lang='lat' dir='ltr'>omnes</span> <span class='ocrx_word' id='word_1_279' title='bbox 709 2189 932 2228; x_wconf 78' lang='lat' dir='ltr'>libertates</span> <span class='ocrx_word' id='word_1_280' title='bbox 965 2202 1069 2241; x_wconf 88' lang='lat' dir='ltr'>quas</span> <span class='ocrx_word' id='word_1_281' title='bbox 1105 2188 1359 2241; x_wconf 70' lang='lat' dir='ltr'>praedictum</span> <span class='ocrx_word' id='word_1_282' title='bbox 1395 2188 1633 2241; x_wconf 86' lang='lat' dir='ltr'>capitulum</span> 
     </span>
     <span class='ocr_line' id='line_1_33' title="bbox 99 2252 1636 2306; baseline -0.001 -15"><span class='ocrx_word' id='word_1_283' title='bbox 99 2252 226 2291; x_wconf 92' lang='lat' dir='ltr'>modo</span> <span class='ocrx_word' id='word_1_284' title='bbox 247 2252 419 2303; x_wconf 77' lang='lat' dir='ltr'>clamat,</span> <span class='ocrx_word' id='word_1_285' title='bbox 435 2257 525 2293; x_wconf 85' lang='lat' dir='ltr'>tam</span> <span class='ocrx_word' id='word_1_286' title='bbox 549 2267 674 2306; x_wconf 90' lang='lat' dir='ltr'>super</span> <span class='ocrx_word' id='word_1_287' title='bbox 695 2252 869 2293; x_wconf 88' lang='lat' dir='ltr'>feodum</span> <span class='ocrx_word' id='word_1_288' title='bbox 892 2256 937 2292; x_wconf 76' lang='lat' dir='ltr'>et</span> <span class='ocrx_word' id='word_1_289' title='bbox 968 2256 1170 2291; x_wconf 85' lang='lat' dir='ltr'>tenentes</span> <span class='ocrx_word' id='word_1_290' title='bbox 1202 2252 1336 2304; x_wconf 88' lang='lat' dir='ltr'>ipsius</span> <span class='ocrx_word' id='word_1_291' title='bbox 1358 2266 1485 2304; x_wconf 83' lang='lat' dir='ltr'>quam</span> <span class='ocrx_word' id='word_1_292' title='bbox 1509 2266 1636 2305; x_wconf 87' lang='lat' dir='ltr'>super</span> 
     </span>
     <span class='ocr_line' id='line_1_34' title="bbox 99 2315 1634 2370; baseline 0 -16"><span class='ocrx_word' id='word_1_293' title='bbox 99 2315 273 2355; x_wconf 88' lang='lat' dir='ltr'>feodum</span> <span class='ocrx_word' id='word_1_294' title='bbox 296 2320 340 2356; x_wconf 87' lang='lat' dir='ltr'>et</span> <span class='ocrx_word' id='word_1_295' title='bbox 361 2321 562 2357; x_wconf 85' lang='lat' dir='ltr'>tenentes</span> <span class='ocrx_word' id='word_1_296' title='bbox 583 2317 765 2356; x_wconf 82' lang='lat' dir='ltr'>manerii</span> <span class='ocrx_word' id='word_1_297' title='bbox 787 2317 995 2370; x_wconf 76' lang='lat' dir='ltr'>praedicti‚</span> <span class='ocrx_word' id='word_1_298' title='bbox 1018 2330 1095 2355; x_wconf 86' lang='lat' dir='ltr'>nec</span> <span class='ocrx_word' id='word_1_299' title='bbox 1118 2316 1372 2368; x_wconf 80' lang='lat' dir='ltr'>praedictum</span> <span class='ocrx_word' id='word_1_300' title='bbox 1395 2316 1634 2369; x_wconf 82' lang='lat' dir='ltr'>capitulum</span> 
     </span>
     <span class='ocr_line' id='line_1_35' title="bbox 99 2379 1635 2433; baseline 0.001 -15"><span class='ocrx_word' id='word_1_301' title='bbox 99 2380 207 2419; x_wconf 88' lang='lat' dir='ltr'>tales</span> <span class='ocrx_word' id='word_1_302' title='bbox 230 2380 451 2421; x_wconf 87' lang='lat' dir='ltr'>libertates</span> <span class='ocrx_word' id='word_1_303' title='bbox 473 2380 601 2421; x_wconf 87' lang='lat' dir='ltr'>habet</span> <span class='ocrx_word' id='word_1_304' title='bbox 625 2395 703 2420; x_wconf 89' lang='lat' dir='ltr'>nec</span> <span class='ocrx_word' id='word_1_305' title='bbox 726 2381 826 2420; x_wconf 86' lang='lat' dir='ltr'>inde</span> <span class='ocrx_word' id='word_1_306' title='bbox 848 2380 933 2420; x_wconf 78' lang='lat' dir='ltr'>fuit</span> <span class='ocrx_word' id='word_1_307' title='bbox 950 2381 995 2419; x_wconf 90' lang='lat' dir='ltr'>in</span> <span class='ocrx_word' id='word_1_308' title='bbox 1019 2380 1186 2429; x_wconf 85' lang='lat' dir='ltr'>seisina,</span> <span class='ocrx_word' id='word_1_309' title='bbox 1201 2384 1249 2419; x_wconf 90' lang='lat' dir='ltr'>ut</span> <span class='ocrx_word' id='word_1_310' title='bbox 1273 2380 1324 2419; x_wconf 90' lang='lat' dir='ltr'>de</span> <span class='ocrx_word' id='word_1_311' title='bbox 1336 2379 1432 2433; x_wconf 85' lang='lat' dir='ltr'>jure</span> <span class='ocrx_word' id='word_1_312' title='bbox 1448 2380 1635 2420; x_wconf 82' lang='lat' dir='ltr'>eeclesiae</span> 
     </span>
     <span class='ocr_line' id='line_1_36' title="bbox 101 2443 1636 2498; baseline 0 -15"><span class='ocrx_word' id='word_1_313' title='bbox 101 2448 205 2493; x_wconf 83' lang='lat' dir='ltr'>etc.;</span> <span class='ocrx_word' id='word_1_314' title='bbox 237 2459 316 2484; x_wconf 89' lang='lat' dir='ltr'>nec</span> <span class='ocrx_word' id='word_1_315' title='bbox 347 2446 599 2498; x_wconf 85' lang='lat' dir='ltr'>praedictum</span> <span class='ocrx_word' id='word_1_316' title='bbox 634 2445 872 2498; x_wconf 80' lang='lat' dir='ltr'>capitulum</span> <span class='ocrx_word' id='word_1_317' title='bbox 909 2443 1039 2484; x_wconf 86' lang='lat' dir='ltr'>habet</span> <span class='ocrx_word' id='word_1_318' title='bbox 1073 2448 1192 2483; x_wconf 88' lang='lat' dir='ltr'>vasta</span> <span class='ocrx_word' id='word_1_319' title='bbox 1222 2457 1363 2497; x_wconf 87' lang='lat' dir='ltr'>neque</span> <span class='ocrx_word' id='word_1_320' title='bbox 1397 2444 1519 2484; x_wconf 88' lang='lat' dir='ltr'>feoda</span> <span class='ocrx_word' id='word_1_321' title='bbox 1552 2445 1636 2484; x_wconf 83' lang='lat' dir='ltr'>nisi</span> 
     </span>
     <span class='ocr_line' id='line_1_37' title="bbox 100 2508 1637 2562; baseline 0.001 -16"><span class='ocrx_word' id='word_1_322' title='bbox 100 2521 253 2559; x_wconf 87' lang='lat' dir='ltr'>paucos</span> <span class='ocrx_word' id='word_1_323' title='bbox 276 2513 490 2558; x_wconf 78' lang='lat' dir='ltr'>tenentes,</span> <span class='ocrx_word' id='word_1_324' title='bbox 513 2523 591 2548; x_wconf 86' lang='lat' dir='ltr'>nec</span> <span class='ocrx_word' id='word_1_325' title='bbox 612 2514 807 2562; x_wconf 81' lang='lat' dir='ltr'>pasturas</span> <span class='ocrx_word' id='word_1_326' title='bbox 831 2508 1180 2561; x_wconf 86' lang='lat' dir='ltr'>qualescumque,</span> <span class='ocrx_word' id='word_1_327' title='bbox 1198 2508 1282 2547; x_wconf 89' lang='lat' dir='ltr'>nisi</span> <span class='ocrx_word' id='word_1_328' title='bbox 1299 2508 1412 2560; x_wconf 89' lang='lat' dir='ltr'>quod</span> <span class='ocrx_word' id='word_1_329' title='bbox 1429 2522 1452 2547; x_wconf 86' lang='lat' dir='ltr'>a</span> <span class='ocrx_word' id='word_1_330' title='bbox 1470 2508 1637 2548; x_wconf 86' lang='lat' dir='ltr'>modico</span> 
     </span>
     <span class='ocr_line' id='line_1_38' title="bbox 100 2570 1636 2625; baseline 0.001 -15"><span class='ocrx_word' id='word_1_331' title='bbox 100 2574 309 2624; x_wconf 84' lang='lat' dir='ltr'>tempore,</span> <span class='ocrx_word' id='word_1_332' title='bbox 351 2586 401 2612; x_wconf 81' lang='lat' dir='ltr'>ex</span> <span class='ocrx_word' id='word_1_333' title='bbox 442 2573 691 2612; x_wconf 79' lang='lat' dir='ltr'>tollerancia</span> <span class='ocrx_word' id='word_1_334' title='bbox 731 2572 988 2612; x_wconf 83' lang='lat' dir='ltr'>ballivorum</span> <span class='ocrx_word' id='word_1_335' title='bbox 1020 2572 1154 2625; x_wconf 89' lang='lat' dir='ltr'>ipsius</span> <span class='ocrx_word' id='word_1_336' title='bbox 1190 2570 1512 2625; x_wconf 85' lang='lat' dir='ltr'>archiepiscopi,</span> <span class='ocrx_word' id='word_1_337' title='bbox 1543 2571 1636 2625; x_wconf 87' lang='lat' dir='ltr'>jam</span> 
     </span>
     <span class='ocr_line' id='line_1_39' title="bbox 100 2636 1636 2689; baseline 0.001 -15"><span class='ocrx_word' id='word_1_338' title='bbox 100 2637 215 2688; x_wconf 50' lang='lat' dir='ltr'>cepit¹</span> <span class='ocrx_word' id='word_1_339' title='bbox 236 2637 346 2676; x_wconf 86' lang='lat' dir='ltr'>tales</span> <span class='ocrx_word' id='word_1_340' title='bbox 367 2637 588 2677; x_wconf 82' lang='lat' dir='ltr'>libertates</span> <span class='ocrx_word' id='word_1_341' title='bbox 612 2641 654 2677; x_wconf 86' lang='lat' dir='ltr'>et</span> <span class='ocrx_word' id='word_1_342' title='bbox 676 2637 764 2677; x_wconf 85' lang='lat' dir='ltr'>tale</span> <span class='ocrx_word' id='word_1_343' title='bbox 796 2637 1037 2677; x_wconf 86' lang='lat' dir='ltr'>dominium</span> <span class='ocrx_word' id='word_1_344' title='bbox 1060 2636 1242 2676; x_wconf 80' lang='lat' dir='ltr'>clamare</span> <span class='ocrx_word' id='word_1_345' title='bbox 1265 2641 1309 2676; x_wconf 86' lang='lat' dir='ltr'>et</span> <span class='ocrx_word' id='word_1_346' title='bbox 1332 2650 1539 2689; x_wconf 85' lang='lat' dir='ltr'>occupare</span> <span class='ocrx_word' id='word_1_347' title='bbox 1559 2650 1636 2689; x_wconf 85' lang='lat' dir='ltr'>per</span> 
     </span>
     <span class='ocr_line' id='line_1_40' title="bbox 101 2699 1638 2754; baseline 0.001 -16"><span class='ocrx_word' id='word_1_348' title='bbox 101 2701 427 2752; x_wconf 84' lang='lat' dir='ltr'>usurpacionem</span> <span class='ocrx_word' id='word_1_349' title='bbox 456 2715 556 2740; x_wconf 90' lang='lat' dir='ltr'>cum</span> <span class='ocrx_word' id='word_1_350' title='bbox 589 2714 674 2740; x_wconf 90' lang='lat' dir='ltr'>non</span> <span class='ocrx_word' id='word_1_351' title='bbox 703 2701 893 2752; x_wconf 88' lang='lat' dir='ltr'>deberet,</span> <span class='ocrx_word' id='word_1_352' title='bbox 924 2704 968 2741; x_wconf 80' lang='lat' dir='ltr'>et</span> <span class='ocrx_word' id='word_1_353' title='bbox 996 2699 1075 2740; x_wconf 89' lang='lat' dir='ltr'>hoc</span> <span class='ocrx_word' id='word_1_354' title='bbox 1102 2703 1280 2754; x_wconf 82' lang='lat' dir='ltr'>paratus</span> <span class='ocrx_word' id='word_1_355' title='bbox 1310 2703 1376 2739; x_wconf 76' lang='lat' dir='ltr'>est</span> <span class='ocrx_word' id='word_1_356' title='bbox 1404 2700 1638 2740; x_wconf 70' lang='lat' dir='ltr'>verificare.</span> 
     </span>
     <span class='ocr_line' id='line_1_41' title="bbox 103 2762 713 2819; baseline 0.003 -17"><span class='ocrx_word' id='word_1_357' title='bbox 103 2762 227 2803; x_wconf 89' lang='lat' dir='ltr'>Unde</span> <span class='ocrx_word' id='word_1_358' title='bbox 249 2766 359 2817; x_wconf 89' lang='lat' dir='ltr'>petit</span> <span class='ocrx_word' id='word_1_359' title='bbox 378 2765 609 2819; x_wconf 86' lang='lat' dir='ltr'>judicium,</span> <span class='ocrx_word' id='word_1_360' title='bbox 633 2769 713 2804; x_wconf 89' lang='lat' dir='ltr'>etc.</span> 
     </span>
    </p>

    <p class='ocr_par' dir='ltr' id='par_1_6' title="bbox 104 2827 1638 2947">
     <span class='ocr_line' id='line_1_42' title="bbox 190 2827 1638 2882; baseline 0.001 -16"><span class='ocrx_word' id='word_1_361' title='bbox 190 2827 245 2866; x_wconf 85' lang='lat' dir='ltr'>Et</span> <span class='ocrx_word' id='word_1_362' title='bbox 268 2830 521 2881; x_wconf 81' lang='lat' dir='ltr'>praedictum</span> <span class='ocrx_word' id='word_1_363' title='bbox 539 2828 777 2881; x_wconf 88' lang='lat' dir='ltr'>capitulum</span> <span class='ocrx_word' id='word_1_364' title='bbox 795 2842 870 2881; x_wconf 89' lang='lat' dir='ltr'>per</span> <span class='ocrx_word' id='word_1_365' title='bbox 886 2828 1113 2882; x_wconf 64' lang='lat' dir='ltr'>praefatum</span> <span class='ocrx_word' id='word_1_366' title='bbox 1137 2827 1381 2867; x_wconf 85' lang='lat' dir='ltr'>Galfridum</span> <span class='ocrx_word' id='word_1_367' title='bbox 1396 2829 1499 2868; x_wconf 86' lang='lat' dir='ltr'>dicit</span> <span class='ocrx_word' id='word_1_368' title='bbox 1525 2828 1638 2882; x_wconf 84' lang='lat' dir='ltr'>quod</span> 
     </span>
     <span class='ocr_line' id='line_1_43' title="bbox 104 2888 1638 2947; baseline 0.003 -19"><span class='ocrx_word' id='word_1_369' title='bbox 104 2888 230 2930; x_wconf 84' lang='lat' dir='ltr'>habet</span> <span class='ocrx_word' id='word_1_370' title='bbox 254 2897 295 2931; x_wconf 89' lang='lat' dir='ltr'>et</span> <span class='ocrx_word' id='word_1_371' title='bbox 319 2892 372 2932; x_wconf 87' lang='lat' dir='ltr'>de</span> <span class='ocrx_word' id='word_1_372' title='bbox 389 2892 487 2947; x_wconf 88' lang='lat' dir='ltr'>jure</span> <span class='ocrx_word' id='word_1_373' title='bbox 509 2893 687 2946; x_wconf 84' lang='lat' dir='ltr'>antiquo</span> <span class='ocrx_word' id='word_1_374' title='bbox 708 2891 864 2933; x_wconf 82' lang='lat' dir='ltr'>habere</span> <span class='ocrx_word' id='word_1_375' title='bbox 883 2893 1047 2943; x_wconf 86' lang='lat' dir='ltr'>debuit,</span> <span class='ocrx_word' id='word_1_376' title='bbox 1062 2906 1210 2932; x_wconf 85' lang='lat' dir='ltr'>omnes</span> <span class='ocrx_word' id='word_1_377' title='bbox 1228 2891 1451 2933; x_wconf 79' lang='lat' dir='ltr'>libertates</span> <span class='ocrx_word' id='word_1_378' title='bbox 1474 2898 1516 2933; x_wconf 89' lang='lat' dir='ltr'>et</span> <span class='ocrx_word' id='word_1_379' title='bbox 1539 2907 1638 2933; x_wconf 84' lang='lat' dir='ltr'>con—</span> 
     </span>
    </p>
   </div>
   <div class='ocr_carea' id='block_1_3' title="bbox 1676 659 1840 768">
    <p class='ocr_par' dir='ltr' id='par_1_7' title="bbox 1676 659 1840 768">
     <span class='ocr_line' id='line_1_44' title="bbox 1678 659 1840 689; baseline 0.012 -2"><span class='ocrx_word' id='word_1_380' title='bbox 1678 659 1840 689; x_wconf 59' lang='lat' dir='ltr'>lividvnee</span> 
     </span>
     <span class='ocr_line' id='line_1_45' title="bbox 1676 700 1784 727; baseline 0.019 -2"><span class='ocrx_word' id='word_1_381' title='bbox 1676 700 1711 726; x_wconf 69' lang='lat' dir='ltr'>os</span> <span class='ocrx_word' id='word_1_382' title='bbox 1731 700 1784 727; x_wconf 81' lang='lat'>111·-</span> 
     </span>
     <span class='ocr_line' id='line_1_46' title="bbox 1676 739 1794 768; baseline 0.008 -1"><span class='ocrx_word' id='word_1_383' title='bbox 1676 739 1794 768; x_wconf 72' lang='lat' dir='ltr'>sherist&#39;.</span> 
     </span>
    </p>
   </div>
   <div class='ocr_carea' id='block_1_4' title="bbox 1670 1687 1869 1882">
    <p class='ocr_par' dir='ltr' id='par_1_8' title="bbox 1670 1687 1869 1882">
     <span class='ocr_line' id='line_1_47' title="bbox 1673 1687 1837 1716; baseline 0 -1"><span class='ocrx_word' id='word_1_384' title='bbox 1673 1687 1696 1715; x_wconf 67' lang='lat'>13</span> <span class='ocrx_word' id='word_1_385' title='bbox 1704 1687 1837 1716; x_wconf 70' lang='lat' dir='ltr'>vidvnce</span> 
     </span>
     <span class='ocr_line' id='line_1_48' title="bbox 1671 1728 1778 1754; baseline 0 -1"><span class='ocrx_word' id='word_1_386' title='bbox 1671 1728 1703 1754; x_wconf 70' lang='lat' dir='ltr'>ot</span> <span class='ocrx_word' id='word_1_387' title='bbox 1724 1728 1778 1754; x_wconf 78' lang='lat' dir='ltr'>the</span> 
     </span>
     <span class='ocr_line' id='line_1_49' title="bbox 1671 1766 1848 1795; baseline 0.011 -3"><span class='ocrx_word' id='word_1_388' title='bbox 1671 1766 1775 1794; x_wconf 75' lang='lat' dir='ltr'>bailifl&#39;</span> <span class='ocrx_word' id='word_1_389' title='bbox 1786 1767 1848 1795; x_wconf 74' lang='lat' dir='ltr'>aud</span> 
     </span>
     <span class='ocr_line' id='line_1_50' title="bbox 1670 1806 1869 1834; baseline 0.005 -1"><span class='ocrx_word' id='word_1_390' title='bbox 1670 1806 1764 1834; x_wconf 65' lang='lat' dir='ltr'>ostiu·</span> <span class='ocrx_word' id='word_1_391' title='bbox 1778 1806 1869 1834; x_wconf 72' lang='lat' dir='ltr'>arch-</span> 
     </span>
     <span class='ocr_line' id='line_1_51' title="bbox 1671 1845 1793 1882; baseline 0.008 -9"><span class='ocrx_word' id='word_1_392' title='bbox 1671 1845 1793 1882; x_wconf 71' lang='lat' dir='ltr'>bislwp.</span> 
     </span>
    </p>
   </div>
   <div class='ocr_carea' id='block_1_5' title="bbox 1670 2843 1857 2959">
    <p class='ocr_par' dir='ltr' id='par_1_9' title="bbox 1670 2843 1857 2959">
     <span class='ocr_line' id='line_1_52' title="bbox 1670 2843 1857 2881; baseline 0 -9"><span class='ocrx_word' id='word_1_393' title='bbox 1670 2844 1737 2873; x_wconf 83' lang='lat' dir='ltr'>The</span> <span class='ocrx_word' id='word_1_394' title='bbox 1755 2843 1857 2881; x_wconf 75' lang='lat' dir='ltr'>Chap-</span> 
     </span>
     <span class='ocr_line' id='line_1_53' title="bbox 1671 2883 1822 2920; baseline -0.013 -8"><span class='ocrx_word' id='word_1_395' title='bbox 1671 2888 1720 2912; x_wconf 81' lang='lat' dir='ltr'>ter</span> <span class='ocrx_word' id='word_1_396' title='bbox 1737 2883 1822 2920; x_wconf 73' lang='lat' dir='ltr'>reply</span> 
     </span>
     <span class='ocr_line' id='line_1_54' title="bbox 1672 2922 1812 2959; baseline -0.021 -6"><span class='ocrx_word' id='word_1_397' title='bbox 1672 2922 1812 2959; x_wconf 80' lang='lat' dir='ltr'>through</span> 
     </span>
    </p>
   </div>
  </div>
 </body>
</html>
