1935 3151
45 147 141 194 210

45 477 143 505 Their

46 517 205 545 evidence.

767 161 1044 195 MEMORIALS
1079 162 1137 195 OF
1174 162 1332 195 RIPON.

277 271 484 313 Thomam
514 274 555 315 le
588 274 969 327 Chaumberleyne,
999 273 1268 313 willelmum
1302 273 1508 328 Sauvage,
1539 273 1806 313 VVillelmum

277 337 331 377 de
353 337 667 392 Blaburycroft,
689 339 928 379 Robertum
950 338 1002 377 (16
1024 336 1367 391 Mikelewthayt,
1390 337 1542 391 Elyam
1563 338 1616 377 de
1639 338 1777 377 Bland
1794 351 1806 386 ;

278 405 323 441 et
363 402 602 442 Robertum
642 403 783 442 filium
824 401 997 441 Ricardi
1037 401 1091 441 de
1132 401 1332 454 Lynton',
1373 402 1447 454 qui
1488 401 1640 441 dicunt
1681 415 1808 454 super

280 470 596 505 sacramentum
620 480 745 506 suum
766 466 879 518 quod
901 465 1154 518 praedictum
1182 464 1393 518 hospitale
1414 478 1567 504 vacans
1588 465 1672 505 fuit
1692 468 1806 504 tem-

278 542 378 582 pore
401 530 562 569 domini
586 530 779 570 Edwardi
811 529 1027 582 quondam
1059 529 1189 582 Regis
1220 529 1402 582 Angliae,
1426 543 1476 569 eo
1497 529 1610 581 quod
1632 529 1807 582 quidam

278 594 484 647 magister
514 592 697 633 Thomas
728 594 780 633 (16
819 592 1018 646 Corbrige
1056 592 1269 646 quondam
1306 591 1662 646 Archiepiscopus
1701 606 1808 645 prae-

278 656 445 696 dictum
495 656 707 710 hospitale
759 656 947 696 contulit
997 657 1168 696 cuidam
1210 656 1396 696 Patricio
1437 656 1489 696 de
1538 655 1806 706 Brafferton’,

278 721 516 760 tenendum
550 722 602 760 ad
638 721 875 760 terminum
912 721 1012 760 vitae
1047 720 1240 773 ejusdem
1272 720 1471 774 magistri
1502 718 1688 759 Thomae.
1751 720 1808 759 Et

278 784 429 824 dicunt
469 785 583 837 quod
618 785 847 838 praedictus
882 785 1113 824 Edwardus
1150 784 1366 838 quondam
1402 785 1494 824 Rex
1529 784 1674 837 potuit
1704 797 1807 824 con-

276 849 426 888 tulisse
457 850 714 902 praedictum
745 848 958 902 hospitale
989 849 1067 888 uni
1092 849 1145 888 de
1168 849 1333 888 clericis
1361 850 1449 888 suis
1472 853 1665 901 tempore
1688 862 1809 887 vaca-

275 913 407 952 cionis
429 913 621 966 praedicti
636 912 1052 967 Archiepiscopatus.
1114 913 1171 952 Et
1183 913 1334 952 dicunt
1350 914 1464 966 quod
1480 914 1686 967 magister
1702 912 1809 951 Wil-

275 975 430 1015 lelmus
461 977 514 1016 de
548 977 794 1026 Grenefeld,
833 991 947 1016 nunc
984 975 1339 1030 Archiepiscopus
1374 977 1516 1027 Ebor.,
1553 977 1808 1029 praedictum

274 1040 511 1079 Patricium
529 1042 728 1093 privavit,
751 1055 800 1081 eo
821 1042 934 1094 quod
957 1042 1074 1081 idem
1091 1041 1304 1081 Patricius
1326 1041 1580 1094 praedictum
1597 1039 1807 1093 hospitale

274 1118 358 1143 non
369 1106 514 1156 potuit
526 1108 675 1145 tenere
688 1106 772 1145 nisi
785 1105 839 1145 ad
848 1106 1085 1145 terminum
1099 1106 1198 1145 vitae
1205 1105 1399 1158 praedicti
1413 1105 1609 1159 magistri
1619 1103 1808 1156 Thomae,

273 1168 357 1207 nisi
374 1168 745 1208 confirmacionem
759 1169 937 1223 capituli
960 1169 1084 1210 Ebor.
1106 1167 1299 1220 haberet,
1320 1172 1363 1208 et
1386 1183 1434 1209 ea
1449 1169 1617 1208 racione
1633 1168 1809 1221 praedic-

274 1234 370 1271 tum
390 1230 602 1285 hospitale
615 1233 804 1273 contulit
817 1233 989 1273 cuidam
1005 1233 1046 1272 N
1048 1231 1212 1273 icholao
1234 1233 1286 1272 de
1309 1233 1574 1286 Bondegate,
1596 1232 1671 1285 qui
1692 1245 1808 1270 nunc

275 1295 531 1348 praedictum
553 1295 763 1349 hospitale
785 1300 922 1337 tenet.
954 1298 1012 1337 Et
1033 1297 1233 1336 similiter
1255 1298 1407 1337 dicunt
1428 1297 1539 1349 quod
1555 1296 1808 1349 praedictum

276 1358 487 1412 hospitale
509 1360 625 1404 valet
645 1374 721 1413 per
751 1374 914 1400 annum
946 1362 991 1400 in
1023 1361 1221 1401 omnibus
1244 1361 1430 1400 exitibus
1452 1361 1610 1414 viginti
1631 1373 1806 1400 marcas·

277 1423 331 1462 In
353 1422 474 1476 cujus
496 1425 557 1463 rei
579 1424 880 1464 testimonium
900 1425 1101 1478 praesenti
1117 1425 1394 1478 inquisicioni
1412 1425 1553 1479 sigilla
1562 1424 1808 1479 juratorum

280 1490 382 1525 sunt
403 1500 602 1539 appensa.

365 1550 465 1590 Dat.
488 1551 558 1590 die
580 1554 625 1591 et
645 1565 757 1592 anno
779 1552 1045 1606 supradictis.

275 1719 415 1755 CXIII.
451 1720 799 1756 CONFIRMAOIO
843 1721 1030 1756 OARTAE
1068 1722 1336 1757 WILLELMI
1368 1723 1436 1757 DE
1469 1722 1660 1768 THORP’,
1693 1722 1807 1757 OUS-

371 1777 515 1811 TODIS
546 1777 851 1814 HOSPITALIS
894 1779 1076 1814 SANCTI
1109 1780 1361 1815 JOHANNIS
1396 1780 1589 1825 RYPON’,
1621 1780 1806 1815 FAGTAE

371 1834 434 1868 ΕΤ
467 1834 739 1870 OONOESSAE
774 1836 1051 1872 WILLELMO
1084 1838 1152 1872 DE
1186 1838 1382 1873 MEAUX.

672 1911 783 1956 (ΗΕΘ.
811 1911 1071 1958 GREENFIELD,
1090 1925 1170 1960 pars
1187 1914 1221 1948 ii.
1241 1913 1287 1948 fo.
1306 1914 1348 1947 41
1360 1915 1408 1958 a.)

365 1989 587 2029 Universis
620 1989 785 2030 Sanctae
816 1992 965 2031 matris
994 1992 1194 2032 Ecclesiae
1225 1993 1324 2032 filiis
1355 1993 1408 2032 ad
1439 2006 1543 2046 quos
1575 1996 1806 2046 praesentes

276 2052 412 2092 literae
462 2054 754 2105 pervenerint,
796 2054 1054 2106 Willelmus,
1100 2060 1183 2096 etc.
1227 2056 1412 2096 salutem
1453 2057 1499 2095 in
1540 2056 1805 2109 amplexibus

278 2115 520 2156 Salvatoris.
562 2117 604 2156 N
606 2118 779 2157 overitis
793 2131 869 2157 nos
892 2123 1053 2159 cartam
1076 2120 1357 2172 subscriptam
1371 2134 1456 2159 non
1477 2120 1698 2170 abolitam,
1719 2133 1805 2159 non

277 2179 483 2229 abrasam,
504 2193 583 2219 nec
613 2180 658 2219 in
691 2180 835 2234 aliqua
867 2183 932 2221 sui
964 2186 1085 2236 parte
1107 2184 1322 2233 viciatam,
1344 2184 1398 2223 (16
1429 2197 1640 2224 consensu
1660 2187 1806 2223 nostro

276 2242 433 2282 factam
470 2247 515 2283 et
546 2257 802 2294 concessam,
838 2245 1010 2297 vidisse,
1037 2250 1082 2286 et
1117 2247 1367 2300 inspexisse,
1398 2248 1558 2287 tenoris
1592 2250 1637 2287 et
1669 2247 1806 2287 conti-

277 2307 441 2346 nenciae
462 2306 757 2360 infrascriptae.

366 2372 378 2392 ⁶
398 2369 544 2409 Sciant
564 2374 794 2422 praesentes
817 2374 860 2411 et
882 2372 1033 2423 futuri,
1054 2373 1168 2426 quod
1190 2387 1268 2427 ego
1289 2373 1531 2414 Willelmus
1563 2374 1616 2414 de
1637 2373 1806 2428 Thorp’,

278 2436 421 2473 custos
442 2432 666 2486 hospitalis
690 2434 833 2474 Sancti
855 2435 1063 2477 ,Iohannis
1085 2437 1292 2490 Baptistae
1319 2437 1500 2491 Rypon’,
1521 2437 1574 2478 (16
1595 2451 1805 2478 consensu

278 2496 531 2536 venerabilis
562 2497 695 2549 patris
727 2498 891 2539 domini
913 2500 1136 2551 Willelmi,
1168 2501 1248 2541 Dei
1279 2502 1434 2555 gracia,
1457 2505 1538 2541 eto.
1572 2502 1684 2550 dedi,
1706 2515 1806 2541 con-

277 2561 396 2610 cessi,
420 2563 463 2599 et
485 2558 562 2599 hac
584 2562 783 2612 praesenti
804 2567 921 2602 carta
942 2577 1037 2604 mea
1056 2565 1300 2604 confirmavi
1322 2564 1538 2605 Willelmo
1558 2565 1611 2605 (16
1633 2566 1805 2615 Meaux,

278 2627 323 2663 et
364 2623 537 2663 Matildi
579 2624 698 2663 uxori
743 2638 843 2675 sure,
884 2640 932 2666 ac
977 2641 1125 2668 eorum
1167 2627 1424 2679 haeredibus,
1461 2642 1598 2668 unum
1638 2642 1806 2669 mesua-

277 2687 400 2739 gium
441 2700 539 2726 cum
576 2687 801 2741 curtilagio
832 2689 1054 2742 adjacente
1090 2692 1135 2731 in
1169 2692 1270 2731 villa
1302 2692 1479 2745 Rypon',
1512 2692 1557 2731 in
1599 2692 1690 2732 vico
1731 2693 1806 2745 qui

279 2750 437 2789 dicitur
460 2750 726 2803 Bondcgate,
748 2751 856 2791 illud
878 2754 1079 2794 videlicet
1101 2756 1373 2808 mesuagium
1404 2755 1517 2808 quod
1543 2754 1660 2808 jacet
1690 2756 1806 2795 inter

279 2814 443 2852 dictum
477 2812 688 2866 hospitale
725 2828 776 2853 cx
810 2819 928 2867 parte
963 2817 1126 2868 boriali,
1163 2822 1208 2858 et
1240 2819 1510 2872 mesuagium
1548 2819 1736 2859 Gilberti
1763 2819 1805 2859 le

282 2875 496 2928 Chapman
531 2890 579 2916 ex
622 2881 741 2930 parte
783 2880 975 2930 australi,
1011 2883 1247 2921 tenendum
1281 2886 1324 2922 et
1360 2881 1605 2922 habendum
1638 2883 1803 2923 dictum
