1955 3068
104 1125 231 1163 Naplez

105 1165 177 1193 Jnn.
198 1166 241 1197 13,

104 1212 170 1233 ΑΛ).
190 1204 272 1234 1255.

106 1467 288 1497 Alexander

106 1506 163 1535 IV.
179 1516 250 1536 con-

104 1547 189 1574 firms
204 1555 268 1575 cer-

103 1586 173 1614 tain
187 1586 289 1620 lands,

103 1629 171 1661 etc„
191 1628 222 1653 to
239 1625 292 1654 the

102 1673 221 1693 canons
235 1664 269 1692 of

106 1703 218 1740 Ripon.

102 1978 149 2006 st.
168 1978 248 2006 Wil-

102 2018 207 2045 frith’s
225 2017 301 2046 wvll.

106 2618 236 2646 vasum-o
260 2619 305 2647 sor

101 2659 304 2695 ⁰11‹·‹t‹11(?).

830 165 862 196 M
873 165 1104 197 EMORIALS
1140 166 1198 197 01⁴*
1234 166 1391 198 RII‘ON.

339 277 507 318 tinebat
529 277 642 331 quod
665 281 715 317 tu
737 277 790 317 de
812 278 878 316 tui
900 290 1110 316 consensu
1126 278 1305 330 capituli
1323 278 1533 327 statuisti,
1551 281 1600 317 ut
1617 279 1878 333 quicumque

339 341 612 395 praebendam
634 341 686 381 de
710 339 1003 394 Staynewikes
1026 341 1069 379 in
1092 340 1327 394 Riponensi
1350 341 1527 381 ecclesia
1539 345 1626 381 tuae
1648 343 1878 383 dioeceseos

339 405 593 453 obtinuerit,
624 409 834 458 perpetuo
874 405 918 443 111
963 404 1113 444 eadem
1155 404 1333 445 ecclesia
1367 405 1555 444 residere
1597 407 1879 458 personaliter

339 473 554 520 teneatur,
577 473 706 522 prout
736 469 782 508 in
813 468 950 508 literis
982 468 1188 508 confectis
1220 469 1374 509 exinde
1397 469 1569 523 plenius
1590 469 1750 509 dicitur
1771 484 1874 510 con-

339 533 500 573 tineri.l
562 533 651 572 Nos
686 533 833 586 itaque
869 532 960 572 tuis
996 532 1191 585 precibus
1232 533 1430 572 inclinati
1472 533 1586 586 quod
1629 546 1757 586 super
1797 533 1877 574 hoc

339 597 516 651 proinde
537 596 700 636 factum
727 600 810 647 est,
833 596 1066 636 dummodo
1096 609 1172 649 per
1203 594 1283 636 hoc
1314 596 1484 636 nullum
1515 595 1582 636 his
1613 598 1688 650 qui
1719 599 1876 638 nostris

339 661 408 702 vel
428 661 608 701 fratrum
638 664 883 702 nostrorum
913 661 1198 700 immorantur
1229 661 1444 714 obsequiis
1465 665 1697 715 generetur
1718 662 1875 716 praeju-

339 726 513 774 dicium,
535 728 679 764 ratum
707 723 917 765 habentes
948 727 993 763 et·
1022 728 1209 777 gratum,
1232 725 1340 765 illud
1362 725 1618 764 auctoritate
1645 726 1876 778 apostolica

340 789 653 839 confirmamus,
695 792 739 829 et
788 788 1013 842 praesentis
1068 788 1215 841 scripti
1266 789 1503 842 patrocinio
1544 790 1874 829 communimus

338 853 460 893 Nulli
483 867 583 907 ergo
605 854 781 893 omnino
803 851 1028 892 hominum
1051 852 1180 892 liceat
1211 851 1322 892 hanc
1353 853 1556 907 paginam
1587 858 1744 893 nostrae
1775 867 1877 893 con-

339 917 597 957 firmacionis
628 917 864 971 infringere
886 917 954 956 vel
980 917 1019 956 ei
1041 929 1148 956 ausu
1170 918 1399 956 temerario
1421 917 1648 956 contraire.
1712 917 1757 956 Si
1780 918 1877 971 quis

338 986 485 1022 autem
535 981 614 1021 hoc
655 985 915 1035 attemptare
957 982 1293 1035 praesumpserit,
1335 981 1685 1035 indignacionem
1727 981 1877 1022 Omni-

338 1047 528 1099 potentis
551 1046 632 1086 Dei
654 1050 699 1086 et
723 1046 948 1085 beatorum
981 1045 1099 1084 Petri
1132 1048 1177 1084 et
1208 1044 1334 1085 Pauli
1365 1045 1655 1099 apostolorum
1688 1045 1794 1099 Ejus
1829 1059 1874 1086 se

337 1113 506 1151 noverit
536 1112 823 1150 incursurum.
885 1110 1045 1150 Datum
1078 1110 1273 1164 Neapoli,
1306 1111 1457 1150 Idibus
1488 1111 1697 1160 Januarii,
1728 1112 1873 1164 ponti-

337 1176 488 1216 ficatus
509 1176 643 1215 nostri
664 1188 776 1215 anno
797 1174 966 1228 primo.²

1004 1349 1225 1394 (XXVIII.)

425 1450 664 1490 Alexander
706 1449 943 1502 episcopus,
976 1461 1121 1488 servus
1164 1461 1381 1487 servorum
1423 1447 1518 1498 Dei,
1560 1447 1729 1488 dilectis
1771 1448 1872 1488 filiis

336 1515 548 1554 canonicis
588 1513 703 1554 beati
744 1512 934 1552 Wilfridi
979 1513 1024 1551 in
1066 1512 1241 1565 Ripum,
1284 1511 1466 1551 salutem
1508 1514 1554 1551 et
1594 1511 1872 1565 apostolicam

336 1578 700 1619 benediccionem.
752 1577 779 1617 J
783 1577 891 1616 ustis
932 1574 1006 1631 (ut
1047 1575 1214 1630 Supra)
1251 1574 1409 1615 effectu
1447 1579 1549 1615 sunt
1585 1581 1872 1629 prosequente

336 1642 600 1696 complenda.
662 1642 724 1681 Ea
745 1645 934 1694 propter,
956 1641 1105 1681 dilecti
1127 1641 1172 1679 in
1194 1640 1379 1679 Domino
1401 1639 1495 1690 filii,
1521 1639 1653 1693 justis
1674 1640 1870 1694 postula-

335 1706 527 1746 tionibus
549 1708 670 1760 grato
691 1707 993 1745 concurrentes
1015 1717 1204 1754 assensu,
1226 1704 1512 1757 possessiones
1534 1703 1715 1743 inferius
1737 1717 1872 1744 anno-

335 1774 460 1821 tatas,
479 1771 591 1809 sicut
607 1783 676 1809 eas
698 1768 1016 1808 racionabiliter
1036 1768 1282 1822 possidetiS,
1300 1767 1418 1807 vobis
1437 1771 1482 1807 et
1498 1781 1573 1821 per
1590 1781 1662 1807 vos
1680 1767 1869 1807 ecclesiae

337 1838 491 1874 vestrae
521 1833 778 1873 auctoritate
810 1832 1042 1885 apostolica
1066 1832 1382 1881 contii-mamm,
1404 1832 1726 1884 quatuordecim
1749 1831 1869 1871 vide-

338 1899 438 1938 licet
458 1898 631 1938 bovatas
654 1901 697 1936 et
720 1910 851 1935 unam
874 1900 1137 1935 carrucatam
1159 1900 1283 1935 terrae
1306 1899 1350 1933 et
1372 1895 1603 1934 dimideam
1627 1895 1671 1934 in
1694 1895 1870 1948 Ripum,

336 1976 466 2002 unam
507 1975 647 2001 acram
688 1964 812 1999 terrae
853 1960 931 2000 sub
965 1960 1082 1999 fonte
1121 1959 1233 1998 beati
1269 1958 1455 1998 Wilfridi
1497 1959 1542 1998 111
1579 1958 1869 2013 Slenhrgford,

337 2026 562 2066 duodecim
583 2039 700 2064 acras
733 2025 776 2063 in
808 2024 1004 2073 Tanfeld,
1026 2023 1259 2063 dimideam
1282 2026 1545 2062 carrucatam
1566 2023 1608 2061 in
1634 2023 1869 2077 Hangrase,

335 2091 440 2130 (luas
472 2093 709 2130 carrucatas
740 2089 782 2127 111
820 2086 1104 2137 Nunnewich,
1142 2100 1271 2126 unam
1304 2086 1501 2126 bovatam
1536 2087 1581 2126 in
1616 2086 1731 2137 Ho't,
1763 2087 1869 2126 duas

337 2155 509 2194 bovatas
540 2154 585 2192 in
618 2153 777 2200 Haran,
800 2165 930 2190 unam
952 2154 1214 2190 carrucatam
1237 2154 1282 2189 et
1304 2151 1409 2189 duas
1433 2150 1603 2189 bovatas
1635 2151 1679 2189 in
1704 2150 1867 2189 Harwi-

333 2232 451 2268 coxe,
492 2217 597 2257 duas
628 2219 867 2255 carrucatas
899 2216 943 2254 in
987 2214 1207 2263 Grandall,
1250 2228 1379 2253 unam
1413 2227 1551 2253 acram
1588 2214 1634 2253 in
1672 2212 1868 2261 Shelton,

336 2296 490 2322 novem
514 2284 754 2320 carrucatas
777 2280 821 2318 in
845 2277 1151 2332 Merkyngton,
1173 2277 1404 2317 dimideam
1427 2282 1690 2317 carrucatam
1711 2281 1758 2317 et
1778 2282 1866 2318 tres

334 2359 450 2385 acras
493 2348 538 2384 et
580 2357 715 2383 unum
757 2347 927 2396 pratum
970 2343 1014 2381 in
1057 2341 1386 2391 Asmunderbic‚
1417 2341 1522 2380 duas
1553 2345 1788 2381 carrucatas
1819 2343 1864 2381 in

337 2409 536 2461 Stodelay
558 2408 729 2461 Rogeri,
751 2420 881 2446 unam
904 2407 1100 2446 bovatam
1123 2409 1168 2445 et
1189 2409 1283 2444 octo
1304 2419 1418 2444 acras
1440 2405 1484 2444 in
1507 2405 1717 2455 Aldefeld,
1735 2419 1864 2446 unam

337 2473 532 2512 bovatam
565 2472 608 2510 in
642 2470 926 2524 Wyngcasless
959 2483 1089 2509 tinam
1121 2469 1316 2508 bovatam
1355 2470 1400 2508 in
1437 2469 1636 2521 Stodelay
1679 2469 1865 2517 Barlete,

338 2550 468 2576 unam
490 2549 630 2575 acram
653 2536 697 2574 in
731 2533 965 2587 Steinelay,
987 2533 1221 2573 dimideam
1252 2538 1513 2572 carrucatam
1536 2535 1658 2572 terrae
1680 2533 1724 2572 in
1747 2533 1865 2572 Mer-

339 2600 530 2653 kynfeld,
551 2612 680 2638 unam
702 2612 838 2637 acram
863 2598 905 2636 in
930 2595 1147 2645 Hewiche,
1170 2610 1298 2636 unam
1321 2610 1458 2636 acram
1482 2600 1525 2635 et
1547 2610 1680 2636 unum
1703 2601 1864 2636 stotum

411 2711 467 2755 (1)
496 2710 561 2745 See
579 2710 640 2744 the
659 2710 731 2743 first
752 2713 892 2742 extract
910 2707 1000 2742 from
1019 2707 1145 2753 Gray‘s
1164 2707 1343 2753 Register.
1361 2706 1486 2741 below.

410 2765 466 2807 (2)
494 2763 579 2797 This
596 2762 671 2795 buu
691 2761 719 2795 is
736 2761 877 2795 entered
897 2761 930 2793 in
951 2761 1027 2794 MS.
1048 2761 1271 2794 Lansdowne
1289 2761 1371 2801 40⁵2,
1390 2760 1434 2793 so.
1454 2760 1511 2802 54,
1529 2759 1621 2793 aster
1640 2759 1864 2805 Archbishop

337 2816 464 2861 (iray‘s
489 2814 682 2861 provisiom
700 2813 787 2847 with
806 2813 904 2847 these
924 2812 1127 2846 variations.
1179 2812 1407 2857 Staynwegg'
1424 2811 1460 2845 in
1480 2811 1625 2857 Ripon’:
1653 2812 1736 2846 dum
1757 2812 1862 2845 modo

337 2869 474 2902 nullum
502 2879 562 2913 por
587 2868 651 2899 ho(-
669 2866 737 2900 hiis
755 2865 834 2912 qui:
862 2865 1111 2899 auctoritatem
1140 2865 1368 2910 apostolicam
1399 2864 1616 2909 (wrongly):
1644 2864 1730 2897 nulli
1749 2864 1860 2898 eciam

335 2920 498 2953 omnino:
528 2920 614 2953 with
636 2930 731 2951 some
751 2918 843 2950 little
862 2917 1066 2951 distin-onom
1085 2917 1120 2950 111
1141 2917 1199 2950 the
1219 2917 1321 2950 ordor
1340 2916 1380 2949 of
1403 2916 1460 2949 the
1482 2917 1606 2950 words.
