1935 3151
74 143 170 189 264
784 153 1061 188 MEMORIALS
1096 152 1153 185 oF
1189 151 1348 185 RIPON.

71 272 236 317 Torevert
308 264 411 319 (etc.
445 270 498 308 ut
533 280 679 321 supra
695 265 729 322 ¹)
757 267 803 306 in
836 267 1112 319 perpetuum.
1174 264 1232 303 Et
1266 264 1301 303 si
1329 262 1553 316 contingat
1585 262 1833 316 praedictam

73 320 108 379 ἕξ
123 312 243 380 ἶῖξὲῑ
306 330 597 384 Margaretam
647 331 693 370 in
733 329 824 369 fat-a
863 328 1068 369 decedere
1111 327 1202 366 sine
1241 325 1410 366 haerede
1452 325 1505 365 de
1545 339 1715 379 corpore
1758 340 1835 366 suo

307 394 502 448 legitime
524 398 757 448 procreato,
773 397 916 433 totum
938 392 1191 445 praedictum
1212 390 1373 430 toftum
1395 403 1495 429 cum
1514 392 1607 429 toto
1627 390 1769 430 clauso
1792 393 1838 430 et

308 472 408 497 cum
440 459 639 498 omnibus
671 457 950 511 pertinenciis
981 454 1115 494 michi
1147 457 1191 494 et
1221 453 1463 493 haeredibus
1492 453 1600 493 meis
1628 454 1717 493 sine
1738 467 1838 493 con-

308 522 565 561 tradiccione
588 525 632 561 et
653 521 948 574 inpedimento
969 518 1151 571 alicujus
1164 518 1298 557 libere
1320 520 1573 557 revertatur.
1635 517 1687 556 In
1709 516 1833 570 cujus

307 586 370 624 rei
391 586 691 625 testiinonium
712 584 914 637 praesenti
944 585 1070 622 cartae
1101 581 1292 635 sigillum
1318 594 1465 620 meum
1486 581 1676 633 apposui.
1738 581 1837 620 Hiis

308 649 507 699 testibus,
540 649 726 688 Patricio
762 648 816 687 de
848 645 1100 687 Brafferton’
1131 649 1236 685 tunc
1264 644 1422 685 ballivo
1453 643 1636 696 Ripone‚
1664 644 1838 684 domino

309 711 515 752 Nicholao
529 713 581 752 de
598 712 837 765 Bondegat,
854 711 1042 750 Roberto
1056 710 1108 749 de
1126 707 1413 761 Bischopton',
1430 706 1636 747 Nicholao
1652 707 1838 758 Hubert,

309 777 335 816 J
339 775 505 815 ohanne
526 776 577 815 de
600 776 727 825 Ebor,
749 776 776 816 J
779 774 946 814 ohanne
968 774 1114 823 Frere,
1136 773 1303 826 Rogero
1324 772 1375 811 de
1397 771 1610 824 Bondgat‚
1633 774 1678 810 et
1698 771 1807 810 aliis.

397 838 543 889 Lctbel,
567 838 643 879 bat
664 852 724 878 πο
747 837 852 879 scal.

396 902 733 953 Endorscment,
769 914 899 943 otone.
963 898 1066 941 This
1100 899 1335 940 document
1373 897 1409 939 ts
1450 896 1649 939 attached
1690 901 1732 938 to
1774 896 1840 938 the

304 966 548 1022 preceding]
569 981 663 1008 one.

428 1086 636 1122 CXLVIII.
672 1087 846 1122 GRANT
880 1087 941 1121 OF
978 1085 1114 1121 PART
1147 1085 1209 1121 OF
1243 1086 1277 1119 A
1311 1083 1434 1119 TOFT
1470 1083 1525 1119 IN
1559 1083 1724 1120 RIPON.

637 1155 640 1157 ’
847 1157 989 1202 (RIPON
1007 1155 1188 1190 CHAPTER
1206 1154 1303 1199 MS.)

81 1244 241 1278 Margaret
401 1228 547 1268 Sciant
588 1241 732 1268 omnes
773 1229 1004 1280 praesentes
1037 1229 1081 1266 et
1113 1226 1264 1275 futuri,
1306 1224 1419 1279 quod
1467 1238 1546 1278 ego
1582 1223 1842 1278 Margareta,

79 1284 116 1350 (ἐξ
128 1282 266 1350 ξὲῖξξᾛέ
313 1292 528 1345 quondam
560 1305 664 1330 uxor
684 1291 895 1330 Willelmi
927 1290 980 1330 de
1012 1290 1199 1339 Marton,
1222 1290 1267 1328 in
1300 1303 1395 1328 mea
1426 1288 1638 1328 viduitate
1673 1291 1717 1327 et
1737 1287 1843 1341 ligia

82 1360 200 1399 Sanay.
311 1359 541 1409 potestate,
562 1356 661 1396 dedi
683 1358 728 1395 et
748 1355 949 1404 concessi,
972 1357 1017 1393 et
1037 1353 1115 1393 hac
1129 1353 1330 1406 praesenti
1344 1355 1458 1392 carta
1470 1365 1567 1391 mea
1582 1351 1844 1402 confirmavi,

314 1418 502 1460 Johanni
532 1419 585 1458 de
619 1419 762 1471 Sallay
792 1417 1025 1470 capellano,
1058 1430 1135 1469 pro
1166 1419 1350 1469 quatuor
1383 1415 1504 1454 solid.
1539 1415 1845 1468 sterlingorum

314 1496 419 1535 quos
451 1481 582 1521 michi
613 1482 734 1521 dedit
764 1482 810 1520 in
841 1494 1030 1534 gersum,
1071 1479 1301 1533 quamdam
1332 1482 1499 1532 partem
1540 1478 1642 1518 tosti
1673 1479 1759 1518 mei
1799 1478 1846 1517 in

316 1546 481 1599 Rypon'
511 1560 655 1585 versus
697 1545 979 1594 occidentem,
1021 1544 1320 1583 continentem
1366 1543 1412 1581 in
1452 1542 1684 1581 latitudine
1721 1541 1847 1595 juxta

317 1623 471 1662 aquam
492 1610 544 1648 de
568 1609 663 1650 Scel
686 1608 995 1661 septemdecim
1026 1607 1171 1660 pedeS,
1194 1610 1239 1646 et
1264 1606 1315 1645 ad
1343 1605 1480 1658 capud
1502 1619 1647 1644 versus
1669 1605 1846 1645 domum

319 1673 510 1726 ejusdem
542 1671 750 1712 ,Iohannis
783 1671 1010 1711 duodecim
1041 1671 1186 1723 pedes,
1218 1670 1283 1709 illi
1314 1673 1359 1709 et
1388 1668 1628 1708 haeredibus
1661 1669 1747 1708 suis
1779 1669 1846 1709 vel

319 1738 411 1790 ejus
434 1737 673 1790 assignatiS‚
696 1736 934 1777 tenendum
957 1739 1001 1775 et
1032 1734 1277 1775 habendum
1299 1734 1351 1774 de
1373 1747 1442 1773 me
1465 1736 1509 1773 et
1530 1733 1583 1773 de
1605 1732 1845 1773 haeredibus

320 1802 428 1840 meis
466 1802 510 1840 in
539 1800 661 1840 feodo
697 1804 741 1840 et
773 1799 1023 1839 haereditate
1053 1799 1187 1838 libere
1222 1801 1266 1838 et
1303 1799 1463 1851 quiete,
1497 1797 1713 1836 reddendo
1745 1797 1845 1837 inde

320 1866 545 1904 annuatim
567 1863 698 1904 michi
729 1867 773 1903 et
803 1863 1043 1903 haeredibus
1066 1863 1173 1902 meis
1196 1875 1331 1902 unum
1364 1861 1587 1901 denarium
1616 1860 1670 1899 ad
1692 1860 1846 1900 Natale

320 1929 494 1968 Domini
516 1942 590 1981 pro
611 1928 808 1968 omnibus
831 1928 1033 1977 serviciis,
1055 1925 1451 1974 consuetudinibus,
1474 1928 1518 1964 et
1538 1924 1847 1964 exaccionibus.

321 1993 378 2032 Et
400 2006 479 2046 ego
500 1996 545 2032 et
566 1991 754 2032 haeredes
776 1992 863 2031 mei
891 1991 1140 2044 praedictam
1172 1994 1330 2030 terram
1352 1989 1554 2042 praedicto
1586 1987 1773 2027 Johanni
1804 1994 1850 2028 et

320 2054 560 2095 haeredibus
592 2056 677 2096 suis
701 2055 768 2095 vel
801 2055 893 2108 ejus
914 2054 1142 2108 assignatis
1174 2056 1322 2093 contra
1352 2065 1502 2092 omnes
1522 2052 1567 2090 in
1589 2055 1848 2104 perpetuum

92 2134 272 2165 witnesses.
321 2119 703 2159 warantizabimus.
735 2119 833 2158 Hiis
854 2118 1052 2167 testibus,
1075 2117 1238 2157 Walter
1260 2116 1313 2156 de
1337 2114 1606 2164 Clutherum,
1628 2114 1849 2154 Willelmo

323 2184 376 2222 de
417 2183 565 2222 eadem
607 2182 723 2232 villa,
764 2181 961 2221 ,Iohanne
1003 2181 1055 2221 de
1089 2180 1270 2230 Hilton’,
1311 2179 1532 2219 Willelmo
1574 2178 1625 2218 de
1667 2176 1848 2231 Byham,

324 2245 519 2285 ,Iohanne
566 2245 774 2296 Lulterel,
816 2245 1008 2285 Galfrido
1058 2244 1110 2284 de
1162 2243 1344 2297 Gilling,
1395 2241 1601 2281 Nieholao
1643 2241 1848 2291 Catteloc,

325 2309 508 2361 Symone
540 2309 669 2349 fratre
701 2309 809 2362 ejus,
840 2309 931 2348 Ada
971 2308 1060 2348 filio
1101 2305 1313 2357 Nicholai,
1355 2306 1484 2346 Petro
1524 2304 1762 2356 Aurifabro,
1804 2307 1848 2344 et

325 2373 474 2412 multis
497 2372 605 2411 aliis.

413 2434 542 2475 Label
563 2434 839 2487 remaining),
862 2434 937 2476 but
959 2433 1049 2475 secel
1069 2447 1193 2487 (sone.

414 2498 659 2550 Emlorsed,
682 2499 738 2539 H.
763 2498 831 2539 27.

622 2610 790 2645 CXLIX.
825 2610 1000 2645 GRANT
1033 2610 1096 2645 OF
1129 2610 1268 2644 LAND
1303 2609 1356 2643 IN
1391 2608 1553 2644 RIPON.

862 2679 1004 2723 (RIPON
1023 2680 1202 2713 OHAPTER
1220 2678 1314 2723 MS.)

95 2759 280 2803 Amr-hunus
414 2751 553 2789 ‚Sciant
578 2753 808 2803 praesentes
825 2751 868 2788 et
889 2748 1026 2787 futuri
1049 2748 1160 2800 quod
1183 2761 1262 2801 ego
1278 2746 1534 2787 Aldehunus
1550 2746 1663 2786 filius
1680 2746 1850 2786 Ricardi

93 2799 130 2828 ‘¹⁰
146 2798 246 2837 R¹¹'⁰¹²
259 2804 290 2829 ω
324 2812 375 2851 de.
398 2813 564 2866 Ripon',
577 2814 676 2853 dedi
698 2816 741 2852 et
759 2812 958 2861 concessi,
977 2815 1021 2851 et
1034 2810 1112 2850 hac
1126 2812 1326 2864 praesenti
1343 2815 1457 2851 carta
1474 2824 1570 2851 mea
1591 2809 1850 2859 confirmavi,

822 2891 880 2936 (l)
907 2893 914 2910 ‘
931 2891 1230 2936 (lyrothecarum‘
1250 2891 1341 2925 here.
