1935 3151
591 115 700 148 ORIG
709 115 817 148 INAL
855 114 1143 148 DOCUMENTS.

102 228 422 269 Purificacionis
456 228 600 268 Beatae
633 228 780 268 Mariae
812 228 1018 281 Virginis,
1050 228 1174 267 Anno
1206 227 1381 267 Domini
1404 227 1639 267 Millesimo

100 308 172 334 000
175 298 217 314 ¹¹¹¹¹
260 293 524 347 sexagesimo
565 293 718 345 primo,
759 296 804 332 et
844 292 967 346 regni
1002 292 1115 346 regis
1151 291 1347 331 Edwardi
1380 291 1501 331 tercii
1538 294 1638 343 post

101 361 397 410 conqiiaestum
420 356 585 411 Angliae
607 357 825 396 tricesimo
848 360 982 396 sexto.

805 497 941 542 (xor)

193 572 340 613 Sciant
380 575 612 625 praesentes
656 574 699 611 et
731 570 868 610 futuri
901 571 1015 625 quod
1057 584 1137 625 ego
1168 569 1390 611 Johannes
1421 569 1474 609 de
1506 569 1639 609 wod-

102 636 229 677 home
267 637 320 676 de
362 635 515 688 Ripon’
546 636 749 685 concessi,
792 635 906 686 dedi,
939 639 984 675 et
1025 634 1102 674 hac
1145 636 1348 688 praesenti
1389 639 1505 674 carta
1546 647 1641 673 mea

102 701 348 741 confirmavi
371 700 588 740 &villelmo
610 700 699 739 filio
731 698 940 740 Johannis
963 701 1015 740 de
1040 699 1212 739 Ilketon
1237 700 1289 739 de
1313 698 1479 751 Ripon'‚
1501 702 1639 738 totam

102 765 221 804 illam
243 765 466 805 dimidiam
497 778 637 803 acram
670 765 781 817 prati
812 778 910 803 811111
942 764 1223 817 pertinenciis
1246 763 1359 816 apud
1383 761 1640 815 Hayllekeld

102 830 147 868 in
170 842 320 881 campo
351 828 403 867 de
437 828 590 881 Ripon'
616 827 835 881 jacentem
868 828 983 867 inter
1014 832 1187 881 pratum
1219 827 1443 880 cujusdam
1476 827 1639 866 domini

102 894 129 934 J
133 892 312 932 ohannis
334 892 387 932 de
409 892 749 946 Benyngesword
773 906 824 931 ex
846 897 966 945 parte
989 892 1153 941 boriali,
1168 895 1211 931 et
1230 895 1400 945 pratum
1416 890 1640 944 cujusdam

103 958 272 998 Ricardi
305 957 357 997 de
397 957 534 997 Stowe
569 971 620 997 ex
653 961 774 1010 parte
809 957 1003 1007 australi,
1038 971 1167 1010 quam
1204 956 1379 1010 quidem
1417 955 1639 995 dimidiam

102 1036 241 1062 acram
274 1022 386 1075 prati
418 1020 549 1061 habui
582 1035 631 1061 ex
664 1022 774 1061 dono
803 1024 848 1061 et
879 1023 1155 1061 concessione
1191 1020 1394 1060 Willelmi
1428 1020 1558 1073 Discy
1586 1020 1639 1059 de

104 1086 283 1140 Rypon',
306 1086 529 1139 capellani,
554 1087 665 1125 sicut
698 1100 772 1125 sua
804 1089 919 1125 carta
949 1086 1050 1125 inde
1082 1084 1213 1125 michi
1245 1085 1439 1124 confecta
1470 1084 1640 1137 plenius

103 1155 306 1191 testatur.
369 1150 628 1190 Habendum
652 1154 693 1190 et
716 1150 957 1190 tenendum
985 1154 1122 1190 totam
1144 1150 1391 1203 praedictam
1413 1148 1639 1188 dimidiam

103 1229 243 1255 acram
274 1215 385 1268 prati
407 1229 506 1254 cum
538 1215 817 1268 pertinenciis
850 1215 1052 1268 praedicto
1073 1214 1290 1254 &Villelmo
1323 1217 1367 1253 et
1398 1211 1639 1253 haeredibus

103 1281 191 1319 suis
214 1283 256 1319 et
281 1280 368 1318 suis
390 1279 620 1333 assignatis
643 1283 790 1319 8011113
811 1293 960 1319 01111185
983 1278 1178 1319 homines
1201 1278 1571 1318 warantizabimus
1594 1280 1639 1317 et

103 1345 426 1397 imperpetuum
478 1343 773 1383 defendemus.
836 1344 887 1383 In
929 1343 1052 1397 cujus
1093 1344 1154 1384 rei
1195 1342 1496 1382 testimonium
1537 1340 1639 1381 huic

104 1408 306 1462 praesenti
339 1411 465 1447 cartae
509 1408 700 1461 sigillum
744 1422 891 1448 meum
935 1408 1127 1462 apposui.
1189 1407 1287 1446 Dat.
1331 1406 1445 1460 apud
1487 1405 1640 1459 Ripon’

105 1473 175 1512 die
198 1472 378 1511 Veneris
404 1486 520 1525 prox.
553 1476 648 1525 post
681 1471 842 1512 festum
865 1472 1010 1512 Sancti
1033 1472 1213 1511 Martini
1246 1472 1291 1510 in
1321 1469 1492 1524 hyeme,
1515 1472 1640 1510 Anno

104 1536 278 1576 Domini
302 1536 535 1576 Millesimo
556 1540 671 1576 cce¹¹¹⁰
704 1537 1003 1576 sextodecimo.
1067 1537 1165 1576 Hiis
1197 1536 1401 1581 testibus,
1423 1535 1642 1575 Willelmo

105 1600 158 1640 de
182 1599 439 1650 Schireworl,
463 1600 648 1654 Hugone
671 1600 724 1640 de
748 1600 974 1650 Skaulton,
996 1600 1203 1640 Nicholao
1226 1600 1421 1649 Huberd,
1444 1598 1641 1640 Johanne

105 1664 159 1704 de
202 1663 400 1714 Ilketon'‚
442 1663 641 1704 Johanne
677 1665 872 1715 Huberd,
913 1663 1112 1706 Johanne
1155 1664 1300 1718 Skayf,
1341 1663 1560 1703 Willelmo
1601 1663 1641 1703 le

107 1728 264 1778 Smale,
286 1728 475 1768 waltero
496 1729 547 1768 de
571 1728 819 1783 Hollegille‚
843 1732 885 1769 81
908 1729 1057 1769 multis
1079 1729 1188 1768 aliis.

194 1841 246 1881 In
269 1856 451 1895 quorum
473 1842 652 1881 visionis
675 1845 715 1881 81
741 1842 1049 1895 compercionis
1070 1842 1372 1882 testimonium
1394 1840 1469 1881 has
1491 1841 1639 1881 literas

103 1909 269 1945 nostras
302 1905 475 1945 Thomae
511 1906 563 1945 de
602 1905 920 1960 Markyngfeld,
954 1906 1168 1960 praedictae
1209 1906 1408 1945 cantariae
1448 1909 1640 1958 patrono,

104 1969 196 2009 fieri
238 1969 419 2009 fecimus
451 1970 779 2020 testimoniales,
817 1970 958 2024 sigillo
999 1974 1144 2010 nostro
1181 1970 1398 2023 pendente
1436 1971 1640 2023 signatas.

106 2033 204 2073 Dat.
239 2033 405 2087 Ripon’,
438 2048 491 2073 xv
522 2034 591 2074 die
624 2035 783 2074 mensis
806 2035 1008 2089 Augusti,
1041 2036 1166 2074 Anno
1204 2034 1379 2074 Domini
1407 2034 1641 2074 Millesimo

105 2103 244 2137 cccc¹¹¹⁰
266 2098 444 2138 decimo.

107 2249 391 2285 BEGINNING
438 2249 501 2284 OF
535 2249 606 2284 AN
640 2250 950 2285 ENROLMENT
995 2250 1057 2285 OF
1095 2250 1320 2284 cERTAIN
1367 2250 1640 2285 CHARTERS

248 2302 510 2337 RELATING
543 2302 604 2337 TO
636 2302 741 2336 THE
776 2301 1023 2337 CHANTRY
1056 2303 1118 2337 OF
1143 2302 1210 2337 ST.
1238 2302 1495 2338 ΛΝΒΒΕΨ.1

197 2383 420 2423 Universis
455 2382 622 2423 Sanctae
654 2383 803 2422 matris
836 2383 1024 2423 ecclesiae
1056 2383 1155 2423 filiis
1187 2383 1239 2423 ad
1271 2397 1378 2437 quos
1409 2387 1641 2436 praesentes

107 2446 242 2486 literae
264 2447 553 2500 pervenerint,
576 2447 816 2500 capitulum
838 2447 1028 2487 ecclesiae
1045 2447 1282 2502 collegiatae
1305 2448 1433 2488 Beati
1450 2447 1640 2487 wilfridi

109 2510 274 2563 Ripon’,
297 2511 480 2550 salutem
502 2511 547 2550 in
569 2511 754 2550 Domino
785 2512 1107 2564 sempiternam.
1170 2512 1348 2552 Noverit
1380 2512 1640 2551 universitas

109 2579 249 2614 vestra
279 2589 357 2614 1105
380 2578 516 2614 cartas
546 2579 590 2614 et
622 2575 892 2614 munimenta
923 2575 1226 2616 fundacionem
1257 2576 1574 2615 ordinacionem
1596 2582 1641 2615 et

108 2637 376 2678 dotacionem
408 2640 608 2677 cantariae
639 2638 691 2677 ad
713 2638 844 2677 altare
868 2638 983 2678 beati
1005 2639 1187 2680 Andreae
1217 2640 1263 2679 in
1296 2639 1475 2679 ecclesia
1495 2644 1640 2679 nostra

183 2722 239 2766 (1)
267 2723 318 2756 On
346 2734 365 2756 a
391 2721 503 2768 single
529 2722 608 2756 skin
634 2722 837 2768 measuring
861 2723 930 2767 2035
955 2722 1004 2768 by
1032 2723 1096 2768 183
1125 2723 1254 2757 inches.
1306 2724 1342 2756 A
1368 2723 1508 2768 margin
1533 2723 1573 2757 of
1593 2724 1639 2767 ἒξ

112 2773 235 2807 inches
251 2774 282 2808 is
301 2774 366 2808 left
386 2780 423 2808 at
447 2775 508 2808 the
531 2774 683 2816 bottom,
700 2773 766 2808 but
789 2775 849 2808 the
874 2775 1064 2810 document
1089 2787 1201 2810 seems
1218 2781 1254 2809 to
1271 2774 1314 2809 be
1332 2775 1557 2821 incomplete,
1575 2781 1639 2809 not

112 2824 244 2869 having
257 2825 317 2859 the
335 2827 526 2860 certificate
544 2832 581 2860 at
599 2827 658 2860 the
677 2826 758 2861 end.
807 2826 983 2873 Compare
1000 2827 1067 2862 No.
1087 2827 1153 2862 xci.
1205 2827 1278 2861 For
1294 2827 1355 2861 the
1374 2827 1490 2872 Royal
1507 2827 1639 2862 licence

114 2877 169 2910 for
186 2877 239 2911 St.
257 2878 442 2913 Andrew's
458 2879 620 2924 chantry,
641 2891 697 2913 see
715 2878 837 2921 above,
855 2891 887 2925 p.
914 2881 992 2914 189.

1778 100 1869 146 189

1678 571 1723 600 17.

1677 627 1772 656 Nota.

1676 666 1760 695 John
1776 666 1814 694 de

1678 705 1851 734 Wodhome

1678 747 1787 780 ,arants
1804 748 1837 772 1ο

1677 784 1765 813 will.
1781 784 1818 812 de

1678 823 1803 852 llkcton

1677 863 1746 891 hals
1768 871 1807 891 an

1678 911 1756 937 acre,

1676 1023 1782 1052 which
1798 1023 1837 1052 he

1677 1064 1740 1092 had
1757 1063 1799 1101 by

1677 1105 1772 1139 grant

1677 1142 1710 1170 of
1730 1141 1819 1171 Will.

1677 1181 1783 1217 Discy,

1675 1221 1832 1258 ehaplain.

1676 1407 1756 1438 Nov.
1774 1408 1820 1441 12,

1676 1456 1743 1476 ΛΑ).
1761 1448 1848 1476 1318.

1678 1539 1863 1569 Witnesses.

1676 1850 1857 1881 Certificate

1675 1891 1709 1919 of
1727 1890 1876 1929 Chapter.

1676 2045 1760 2082 Aug.
1780 2046 1825 2073 15.

1676 2093 1745 2114 Aa».
1765 2085 1849 2113 1410.

1678 2397 1821 2434 Inspexi-

1677 2446 1745 2465 mus
1761 2437 1803 2474 by
1820 2437 1875 2466 the

1677 2477 1826 2514 Chapter.
