1935 3151
597 98 824 144 oR1G1NAL
860 109 1150 143 DOCUMENTS.

110 224 301 278 plenarie
324 223 457 263 fuerit·
479 223 747 264 satisfactum
770 226 814 263 et
846 222 1113 276 persolutum
1146 221 1199 261 ad
1220 221 1354 262 altare
1377 221 1645 275 praedictum,

111 293 238 343 prout
269 290 313 328 in
346 289 495 328 eadem
524 292 641 328 carta
672 302 748 328 sua
779 288 920 327 eidem
952 285 1169 340 capellano
1200 286 1402 326 cantariae
1433 286 1646 340 praedictae

110 354 211 393 inde
242 353 354 393 facta
385 353 554 406 plenius
584 353 845 402 continetur,
869 352 960 391 sine
987 351 1150 391 clameo
1171 350 1237 390 vel
1263 351 1525 404 inpeticione
1550 364 1648 390 nos-

112 421 277 457 trorum
300 418 458 457 Prioris
482 420 526 457 et
547 417 792 458 Conventus
815 417 1134 456 antedictorum
1156 416 1492 469 imperpetuum.

201 482 290 521 Nos
322 495 420 521 vero
457 481 577 521 Prior
606 485 650 521 et
679 481 926 521 Conventus
957 479 1180 530 antedicti,
1207 479 1526 519 considerantes
1557 482 1647 519 tam

111 547 291 601 grandia
322 545 432 586 bona
459 549 505 586 et
536 546 749 585 excessiva
779 559 854 599 pro
886 544 1157 584 concessione
1180 543 1373 597 ejusdem
1395 544 1528 583 annui
1551 543 1648 583 red-

112 611 230 650 ditus
252 610 401 650 decem
423 624 662 649 marcarum
684 608 859 663 praefato
885 608 1083 662 Capitulo
1115 608 1304 648 ecclesiae
1334 607 1572 662 collegiatae
1593 608 1648 648 de

114 674 267 727 Ripon’
289 678 334 714 et
365 674 676 714 successoribus
708 674 795 713 suis
817 687 894 726 per
914 687 991 713 nos
1023 672 1124 712 inde
1146 671 1274 722 facta,
1296 685 1371 725 per
1391 673 1647 726 magistrum

113 737 356 780 Johannem
387 738 574 788 Sendall,
596 738 731 792 ipsius
761 738 962 778 cantariae
992 737 1045 777 de
1076 736 1229 790 Ripon'
1252 736 1472 777 antedicta
1496 736 1649 776 funda-

113 806 265 852 torem,
280 803 401 843 nobis
419 802 656 856 largissime
678 802 887 856 impensa,
910 815 986 855 per
1007 815 1102 854 quae
1124 801 1248 852 bona,
1269 800 1435 850 terras,¹
1461 804 1505 840 et
1526 804 1649 840 tene-

114 870 277 916 menta,
311 880 358 906 ac
394 867 681 920 possessiones
714 867 759 905 in
796 866 1007 905 comitatu
1039 865 1182 915 Ebor.,
1218 865 1265 904 in
1301 865 1441 905 multo
1482 865 1649 905 dictum

114 944 308 971 annuum
325 931 543 970 redditum
561 931 710 970 decem
732 944 970 970 marcarum
991 930 1219 970 annuatim
1242 929 1509 980 excedencia,
1526 929 1650 969 nobis

115 998 160 1034 et
177 995 487 1035 successoribus
510 995 665 1035 nostris
688 995 1027 1048 imperpetuum,
1044 994 1223 1034 licencia
1239 993 1356 1048 regia
1372 993 1471 1033 inde
1489 992 1651 1044 habita,

114 1057 210 1114 (de)
231 1073 340 1099 novo
361 1059 484 1100 nobis
511 1063 555 1099 et
587 1059 901 1099 successoribus
932 1059 1090 1099 nostris
1120 1061 1317 1098 remanet
1347 1058 1571 1111 acquisita,
1594 1058 1652 1097 sic

115 1137 191 1163 nos
215 1126 260 1163 et
281 1137 539 1163 successores
561 1124 695 1163 nostri
718 1124 878 1163 erimus
900 1123 1001 1163 inde
1023 1123 1254 1163 meliorati.

205 1187 410 1228 Volentes
451 1188 587 1242 igitur
627 1188 720 1227 fieri
761 1187 875 1241 quod
917 1190 984 1227 est
1018 1187 1205 1241 justum,
1247 1190 1292 1227 et
1332 1186 1445 1240 quod
1489 1187 1652 1226 dictum

117 1252 325 1305 scriptum
347 1255 543 1292 nostrum
565 1252 617 1292 de
639 1252 909 1291 concessione
941 1251 1135 1304 praedicti
1166 1251 1301 1290 annui
1331 1251 1525 1291 redditus
1548 1264 1654 1304 prae-

116 1315 204 1356 fato
238 1315 435 1370 Capitulo
477 1316 666 1356 ecclesiae
700 1316 940 1370 collegiatae
971 1319 1017 1356 et
1051 1315 1369 1355 successoribus
1406 1316 1493 1355 suis
1530 1315 1656 1364 facta,

109 1379 284 1434 justum
308 1383 352 1420 et
373 1380 621 1435 legitimum
643 1381 785 1434 capiat
806 1380 907 1420 inde
930 1379 1150 1420 effectum.

207 1444 361 1485 Sciatis
391 1458 468 1484 nos
500 1444 698 1498 praefatos
729 1444 923 1484 Priorem
957 1447 1002 1483 et
1038 1443 1310 1484 Conventum
1346 1458 1422 1498 pro
1450 1444 1575 1484 nobis
1612 1447 1658 1483 et

117 1508 427 1549 successoribus
449 1510 607 1549 nostris
640 1508 885 1562 supradicto
914 1508 1089 1548 domino
1121 1508 1304 1549 Ricardo
1334 1509 1486 1559 Lucas,
1518 1508 1659 1561 capel-

118 1573 215 1613 lano
236 1573 434 1613 cantariae
448 1573 676 1627 praedictae,
692 1577 736 1613 et
750 1572 1061 1612 successoribus
1076 1573 1179 1622 suis,
1192 1573 1449 1626 praedictum
1463 1587 1659 1613 annuum

118 1637 335 1677 redditum
372 1638 522 1677 decem
556 1651 795 1677 marcarum
831 1637 1087 1676 concessisse
1124 1651 1199 1690 per
1239 1641 1488 1691 praesentes,
1522 1638 1660 1691 perci-

118 1701 326 1755 piendum
349 1705 394 1741 et
416 1701 666 1741 solvendum
688 1702 734 1740 in
754 1700 891 1740 forma
912 1701 1129 1754 praedicta,
1151 1715 1198 1740 ac
1212 1702 1375 1741 virtute
1390 1702 1516 1741 dictae
1532 1705 1659 1741 cartae

117 1779 165 1805 ac
187 1765 421 1805 eorundem
444 1764 632 1818 Capituli
654 1765 843 1804 ecclesiae
870 1764 1107 1819 collegiatae
1129 1765 1182 1805 de
1205 1765 1358 1819 Ripon'
1380 1769 1425 1806 et
1446 1766 1659 1819 praedictae

119 1830 367 1870 tradicionis
400 1833 445 1869 et
465 1829 746 1869 concessionis
769 1828 964 1882 ejusdem
995 1830 1129 1869 annui
1161 1829 1356 1869 redditus
1378 1830 1526 1870 decem
1549 1844 1661 1870 mar-

119 1908 279 1944 carum,
317 1907 485 1934 necnon
517 1897 768 1934 caeterorum
799 1894 1115 1946 praemissorum
1147 1894 1194 1933 in
1227 1894 1379 1934 eadem
1410 1898 1528 1935 carta
1559 1908 1661 1935 con-

118 1961 338 1998 tentorum
379 1958 521 1998 eidem
554 1957 771 2011 capellano
802 1958 1002 1997 cantariae
1033 1958 1246 2010 praedictae
1282 1958 1394 1998 facta
1424 1958 1477 1998 de
1509 1960 1659 1999 eodem

117 2035 261 2062 annuo
292 2022 478 2071 redditu,
509 2035 583 2075 per
615 2021 876 2061 solucionem
907 2021 1009 2075 iiij01·
1038 2021 1312 2062 denariorum
1344 2026 1581 2063 attornasse
1613 2037 1660 2063 ac

119 2086 317 2126 omnibus
340 2087 555 2140 praedictis
576 2087 832 2126 concessisse
856 2090 901 2125 et
931 2099 1155 2140 aggreasse
1186 2100 1262 2140 per
1283 2091 1531 2140 praesentes,
1552 2089 1660 2128 reci-

119 2150 274 2203 piendo
296 2165 423 2204 super
455 2155 499 2191 et
530 2151 582 2191 de
615 2150 806 2204 qualibet
837 2149 1086 2204 hujusmodi
1110 2151 1327 2191 solucione
1349 2153 1660 2204 praenominata

119 2214 264 2254 literas
286 2228 334 2254 ac
356 2215 622 2268 quietancias
644 2215 779 2268 ipsius
793 2214 1003 2267 capellani
1020 2215 1220 2254 cantariae
1234 2216 1432 2269 magistri
1450 2216 1476 2256 J
1480 2215 1660 2256 ohannis

122 2277 295 2318 Sendall
317 2279 362 2318 in
385 2279 565 2319 ecclesia
589 2278 816 2332 collegiata
837 2278 891 2317 de
914 2278 1066 2331 Ripon’
1087 2279 1291 2331 praedicta
1312 2282 1353 2318 et
1370 2292 1658 2319 successorum

123 2355 297 2381 suorum
331 2342 595 2382 solucionem
631 2342 751 2382 illam
787 2342 1073 2381 testificantes
1106 2346 1150 2382 et
1181 2346 1403 2396 portantes
1435 2344 1581 2384 datam
1613 2345 1658 2384 in

120 2405 247 2446 domo
267 2407 492 2460 capitulari
514 2407 701 2447 ecclesiae
723 2406 961 2460 collegiatae
982 2406 1035 2446 de
1058 2406 1224 2459 Ripon'.

209 2470 266 2509 Et
298 2471 474 2524 insuper
506 2471 649 2510 sciatis
677 2484 754 2510 nos
782 2469 981 2523 praefatos
1006 2470 1200 2510 Priorem
1223 2475 1268 2511 et
1290 2471 1561 2512 Conventum
1583 2487 1659 2526 pro

120 2533 242 2573 nobis
255 2538 300 2574 et
314 2534 627 2574 successoribus
643 2535 798 2574 nostris
815 2534 1072 2574 concessisse
1090 2535 1278 2587 praefatis
1291 2536 1464 2575 domino
1478 2537 1658 2576 Ricardo

120 2597 272 2647 Lucas,
308 2598 528 2651 capellano
561 2599 760 2637 cantariae
793 2597 1007 2650 praedictae
1039 2602 1084 2638 et
1116 2599 1430 2639 successoribus
1464 2601 1551 2639 suis
1583 2614 1659 2653 per

120 2665 365 2714 praesentes,
386 2663 500 2715 quod
521 2663 910 2716 quocienscumque
925 2676 1002 2701 nos
1018 2662 1186 2715 praefati
1209 2664 1329 2703 Prior
1351 2668 1391 2703 et
1412 2663 1658 2705 Conventus

121 2727 196 2763 aut
219 2738 477 2766 successores
498 2726 631 2765 nostri
653 2725 950 2775 defecerimus,
967 2730 1044 2765 aut
1064 2727 1220 2779 aliquis
1241 2730 1436 2766 nostrum
1454 2728 1656 2768 defecerit

123 2788 168 2827 in
192 2789 405 2830 solucione
427 2791 533 2830 dicti
554 2790 687 2829 annui
719 2790 913 2829 redditus
943 2791 1092 2830 decem
1125 2805 1363 2830 marcarum
1387 2792 1453 2831 vel
1475 2793 1657 2847 alicujus

622 2870 678 2912 (l)
707 2868 754 2903 So
772 2869 808 2903 in
826 2868 904 2904 MS.
923 2869 977 2903 for
995 2871 1003 2888 ‘
1018 2870 1145 2903 terrae.‘

877 2933 906 2961 X

1785 96 1877 144 177

1682 485 1728 515 As
1743 485 1796 514 the

1682 534 1790 554 source
1804 525 1880 554 from

1683 565 1789 593 which
1806 565 1859 593 the

1683 606 1736 633 ten
1752 605 1857 632 marks

1683 652 1735 672 are
1748 643 1883 681 payable

1682 682 1782 721 yields
1795 691 1881 711 more

1684 723 1761 751 than
1778 723 1849 751 that

1684 771 1764 797 sum,

1686 1002 1740 1032 the
1755 1002 1836 1032 Con-

1687 1045 1764 1071 vent
1778 1042 1812 1070 of

1690 1082 1870 1110 I'outcfract

1689 1122 1714 1150 is
1724 1121 1886 1151 benefited.

1691 1194 1841 1231 Desiring

1690 1234 1844 1263 therefore

1690 1274 1776 1302 what
1791 1274 1816 1302 is

1686 1314 1764 1350 just,
1782 1313 1860 1351 they

1691 1353 1772 1381 have

1692 1392 1824 1429 granted
1837 1391 1891 1420 the

1692 1434 1745 1461 teu
1762 1431 1876 1468 marks,

1694 2036 1753 2064 aud
1770 2036 1813 2073 by

1693 2079 1842 2113 payment
1862 2075 1897 2103 of

1693 2115 1742 2143 4d.
1759 2115 1840 2143 have

1693 2154 1783 2182 made

1693 2196 1882 2228 agreement.

1692 2232 1737 2261 To
1752 2233 1832 2261 have

1694 2273 1808 2309 receipt

1693 2312 1772 2340 from
1789 2312 1844 2340 the

1692 2351 1838 2387 chaplain

1692 2390 1773 2418 after
1787 2390 1863 2418 eavh

1692 2435 1852 2467 paymeut.

1691 2484 1874 2520 Obligation

1691 2525 1724 2552 of
1736 2525 1789 2553 the
1801 2524 1892 2553 Prior

1691 2565 1752 2592 aud
1769 2573 1840 2592 cou—

1690 2609 1765 2632 vent
1781 2606 1812 2631 to
1828 2603 1882 2631 the

1690 2642 1847 2680 chaplain,

1690 2682 1768 2710 with
1785 2691 1830 2710 re-

1691 2721 1771 2758 gard
1787 2724 1820 2750 to

1691 2764 1867 2799 parimente,
