1955 3068
580 126 806 159 ORIGINAL
842 125 1131 159 DOCUMENTS.

93 237 262 278 litteras
283 239 335 279 ad
357 238 532 278 modum
555 238 806 294 cyrographi
828 238 1096 293 dupplicatas
1128 252 1258 291 penes
1280 238 1444 278 dictum
1468 237 1628 277 Nic-ho-

91 300 209 341 laum
231 303 468 342 residentes
492 303 634 357 sigillo
666 304 884 343 communi
918 302 1098 356 capituli
1131 304 1267 342 nostri
1301 302 1482 342 fecimus
1514 316 1627 341 com-

92 367 266 406 muniri.
331 367 428 406 Hiis
449 368 649 418 testibus,
673 368 869 407 Dominis
906 367 1091 421 Symone
1113 366 1258 417 WVard,
1281 371 1417 420 patre,
1441 366 1625 420 Symone

91 429 236 480 ward,
259 430 361 480 filio,
384 431 571 471 Roberto
591 432 644 471 de
667 430 898 484 Nonewyk,
918 431 1103 471 Roberto
1118 430 1319 484 Coyners,
1333 431 1551 470 &villelmo
1572 430 1625 469 de

93 493 315 547 Stopham,
338 495 550 534 militibus
569 509 579 544 3
612 496 639 536 J
642 495 807 535 ohanne
830 495 869 535 16
893 495 1247 544 Gras,Willelmo
1261 495 1404 545 U'ard,
1420 493 1626 534 Nicholao

91 558 144 597 de
184 558 363 613 Hewyk,
398 557 596 599 Johanne
630 560 683 599 de
721 559 980 614 Slyngesby,
1014 559 1232 599 willelmo
1269 560 1320 599 de
1356 557 1626 608 Clutherum‚

91 621 310 662 Willelmo
331 623 545 673 Tinctore,
577 622 789 673 Johanne,
811 624 1042 673 willelmo,
1075 623 1308 677 Stephano,
1332 627 1376 663 et
1404 623 1442 662 N
1448 622 1625 672 icholao,

90 686 191 726 filiis
234 686 355 740 ejus3
389 686 586 727 Johanne
626 688 679 727 de
722 688 863 737 Ebor.‚
906 688 1085 727 Ricardo
1126 688 1179 728 de
1223 687 1376 737 Stowe,
1418 686 1626 726 Nicholao

90 751 284 801 Huberd,
317 754 363 791 et
404 749 601 791 Johanne
643 750 773 792 fratre
815 751 933 805 ejus3
965 751 1183 791 Willelmo
1224 752 1277 792 de
1320 751 1546 805 Schyrwod
1581 755 1626 791 et

90 814 278 854 Roberto
318 814 449 854 fratre
491 815 613 868 ejus3
665 815 800 855 Alano
842 815 1028 856 Colstan.
1071 816 1258 869 Hugone
1300 816 1351 855 (16
1395 814 1625 866 Schalton',

89 879 306 919 willelmo
327 879 368 919 16
390 880 598 931 Vauasur,
620 880 837 920 willelmo
859 880 974 920 dicto
997 879 1142 929 Schot,
1165 880 1384 919 willelmo
1409 880 1625 929 Seriaunt,

90 947 133 983 et
156 943 306 983 multis
334 943 443 983 aliis.
506 943 604 983 Dat.
634 944 799 997 Rypon'
821 943 881 997 iiij
918 944 1013 983 Kal.
1047 944 1183 993 Junii,
1205 945 1330 984 Anno
1362 944 1535 983 Domini
1558 944 1624 983 ΜΟ

88 1008 393 1047 trecentesimo
430 1011 595 1061 quarto,
626 1012 669 1047 61
703 1021 815 1047 anno
848 1009 969 1062 regni
1007 1009 1120 1062 regis
1158 1009 1354 1048 Edwardi
1395 1008 1473 1048 filii
1510 1009 1624 1062 regis

90 1070 284 1121 Henrici,
306 1072 524 1111 tricesimo
546 1072 760 1112 secundo.¹

177 1134 423 1186 Endorsed,
446 1136 496 1176 B.
519 1137 560 1176 5.

175 1281 359 1317 XXXIX.
386 1281 718 1318 FOL'NDATION
748 1283 810 1318 OF
837 1283 908 1318 AN
941 1283 1056 1318 ΟΒΙΤ
1094 1284 1159 1318 BY
1188 1284 1323 1319 JOHN
1360 1284 1538 1320 CLYNT.

612 1357 901 1401 (DARNBROUGH
926 1357 1003 1393 MS.
1029 1358 1096 1403 xl.)

174 1426 368 1467 Praesens
390 1427 600 1480 scriptum
613 1425 963 1481 cirograpliatum
978 1432 1166 1469 testatur
1180 1430 1292 1483 quod
1308 1443 1387 1484 ego
1401 1429 1428 1470 J
1431 1428 1620 1471 ohannes

88 1489 218 1544 Clynt
241 1492 394 1541 senior,
417 1491 675 1545 capellanus,
698 1492 812 1542 dedi,
835 1493 1038 1542 concessi,
1062 1497 1106 1532 et
1127 1492 1206 1533 hoc
1228 1494 1430 1546 praesenti
1464 1495 1621 1547 scripto

85 1568 182 1594 11160
205 1554 498 1609 sirographato
519 1556 764 1595 confirmavi
788 1556 972 1595 dominis
994 1556 1182 1597 Roberto
1205 1556 1425 1608 Baschan',
1440 1558 1620 1598 Ricardo

85 1618 325 1670 Wakefeld,
347 1619 535 1660 Johanni
567 1620 620 1660 de
644 1620 769 1673 Clynt
797 1619 975 1673 juniori,
1007 1625 1053 1660 et
1084 1620 1272 1661 Johanni
1305 1622 1358 1661 (16
1380 1622 1620 1676 Bondgate,

84 1683 253 1723 vicariis
275 1684 460 1724 ecclesiae
483 1684 717 1738 collegiatae
740 1684 920 1737 Rypon',
942 1683 970 1737 ij
996 1698 1111 1724 acras
1126 1689 1250 1725 terrae
1273 1699 1370 1724 cum
1387 1686 1473 1725 suis
1487 1686 1621 1739 perti-

85 1748 249 1787 nenciis
281 1748 325 1787 in
358 1762 506 1801 campo
537 1748 589 1788 de
623 1747 789 1801 Rypon'
819 1749 932 1801 apud
963 1747 1163 1803 Speltreg
1204 1750 1249 1788 in
1291 1749 1470 1789 diversis
1502 1749 1618 1799 10615,

85 1824 267 1864 quarum
288 1826 373 1851 una
396 1826 492 1852 acra
513 1816 555 1852 et
578 1825 664 1851 una
686 1812 787 1852 roda
817 1817 941 1852 terrae
963 1813 1141 1852 insimul
1157 1812 1303 1866 jacent
1326 1814 1440 1853 inter
1461 1817 1619 1853 terram

85 1876 301 1929 quondam
321 1876 530 1916 willelmi
562 1876 719 1917 Davett
753 1890 804 1916 ex
835 1881 954 1929 parte
986 1877 1150 1927 boriali,
1181 1882 1223 1917 61
1258 1882 1415 1917 terram
1438 1877 1619 1917 walteri

84 1940 138 1979 de
160 1940 296 1980 Ledes
318 1954 369 1980 ex
399 1943 521 1994 parte
553 1940 744 1990 australi,
767 1944 809 1979 et
842 1940 1042 1980 abbuttat
1074 1955 1202 1994 super
1223 1945 1382 1980 terram
1403 1942 1618 1994 quondam

83 2002 295 2044 ,Iohannis
317 2003 368 2043 de
392 2002 641 2044 Clotherum
673 2017 822 2044 versus
854 2005 1082 2054 orientem,
1105 2008 1150 2044 et
1179 2009 1266 2044 tres
1297 2005 1410 2045 rodae
1441 2005 1618 2045 insimul

77 2066 227 2121 jacent
248 2081 378 2122 prope
404 2068 566 2108 ibidem
582 2068 709 2122 juxta
730 2072 889 2108 terram
911 2067 1118 2108 willelmi
1151 2069 1204 2109 de
1238 2067 1399 2110 Chaml’
1421 2073 1465 2109 et
1493 2069 1619 2109 abut-

82 2130 222 2187 ta(n)t
246 2146 372 2185 super
389 2132 633 2186 Grenegate
655 2146 749 2186 quae
772 2132 889 2172 ducit
913 2146 1048 2185 usque
1067 2132 1342 2173 Whitecliffe.
1386 2133 1499 2181 Quas
1521 2134 1617 2187 qui-

83 2196 182 2235 dem
203 2196 310 2236 duas
352 2210 467 2236 acras
503 2210 640 2250 nuper
669 2195 800 2236 habui
824 2210 874 2236 ex
895 2196 1005 2236 dono
1027 2201 1071 2237 et
1093 2196 1368 2237 feoffamento
1391 2197 1542 2237 Isoldae
1564 2197 1617 2237 de

83 2260 383 2315 Kyluyngton'
404 2261 457 2300 de
481 2260 649 2314 Ripon'.
712 2260 910 2300 Habend.
939 2264 980 2299 et
1004 2261 1180 2300 tenend.
1203 2262 1425 2314 praedictas
1448 2261 1475 2315 ij
1501 2275 1617 2301 acras

82 2327 207 2364 terrae
229 2339 327 2364 cum
351 2325 438 2365 suis
459 2326 749 2378 pertenenciis
777 2324 964 2378 praefatis
986 2324 1187 2374 Roberto,
1210 2325 1405 2376 Ricardo,
1427 2324 1454 2365 J
1458 2324 1617 2365 ohanni

82 2388 136 2428 de
159 2387 313 2441 Clynte
330 2388 508 2442 juniori,
532 2392 575 2429 et
608 2387 797 2429 Johanni
829 2388 1066 2442 Bondgate,
1090 2392 1134 2428 et
1167 2389 1480 2429 successoribus
1514 2390 1616 2440 suis,

81 2451 231 2501 libere,
253 2453 414 2505 quiete,
437 2453 610 2506 intigre,
632 2452 757 2501 bene,
781 2455 826 2491 et
846 2452 892 2491 in
913 2465 1029 2505 pace,
1050 2452 1104 2492 (16
1127 2452 1297 2506 capitali
1315 2452 1489 2493 domino
1502 2453 1615 2494 feodi

81 2515 214 2566 illius,
246 2530 322 2569 per
353 2517 530 2556 servicia
561 2517 662 2556 inde
697 2516 850 2556 debeta
883 2520 928 2555 61Ι
962 2516 1015 2556 (16
1046 2515 1146 2569 jure
1178 2521 1395 2567 consueta,
1421 2516 1615 2558 faciendo

80 2579 182 2619 inde
203 2594 279 2633 per
299 2593 461 2619 annum
482 2594 557 2633 pro
587 2580 811 2619 animabus
844 2579 1001 2634 Rogeri
1034 2580 1087 2620 de
1118 2580 1347 2631 Nunwike,
1369 2580 1537 2631 militis,
1570 2585 1611 2621 et

80 2643 275 2684 Isabellae
300 2645 443 2684 uxoris
472 2658 572 2693 suae,
594 2644 663 2684 die
693 2643 834 2683 obitus
868 2644 948 2693 sui,
979 2657 1117 2683 unum
1149 2644 1316 2684 obitum
1350 2644 1613 2699 solempnem

78 2707 125 2747 in
149 2707 325 2747 ecclesia
349 2708 603 2762 supradicta,
626 2722 701 2761 per
722 2708 834 2761 ipsos
857 2712 897 2748 et
923 2721 1181 2748 successores
1205 2722 1315 2759 51105,
1339 2714 1420 2748 616.

153 2790 208 2835 (1)
238 2791 274 2824 A
291 2802 381 2836 copy
400 2791 441 2825 of
461 2791 534 2825 this
561 2791 751 2825 document
779 2790 808 2825 is
834 2791 990 2826 inserted
1018 2791 1053 2826 in
1085 2791 1176 2838 Abp.
1196 2792 1424 2828 Greenfield's
1441 2793 1611 2838 Reyister,

79 2842 168 2876 Part
196 2843 240 2886 I.‚
265 2842 425 2878 between
453 2844 500 2878 fo.
531 2844 553 2877 9
576 2843 646 2878 and
677 2843 722 2877 fo.
756 2844 812 2887 10,
838 2844 1010 2878 endorsed
1041 2845 1222 2879 ‘Douacio
1252 2844 1439 2879 domorum
1472 2846 1610 2881 vicariis

79 2894 235 2930 ecclesiae
265 2895 418 2941 Rypon,'
445 2897 515 2930 and
544 2895 839 2930 ‘Anniversarius
870 2896 904 2931 iu
926 2896 1071 2932 ccclesia
1095 2897 1259 2944 Rippon.'
1320 2898 1355 2932 It
1380 2899 1609 2946 coi-responde

81 2947 170 2981 with
188 2948 261 2982 this
278 2953 403 2994 except
420 2948 456 2983 in
477 2949 536 2984 the
555 2961 620 2983 one
639 2949 737 2994 place
752 2949 868 2984 noted.

1767 112 1857 157 121

1663 367 1846 398 XVitncsses.

1659 1010 1738 1050 May
1754 1012 1802 1042 29.

1656 1439 1739 1468 John
1754 1439 1855 1478 Clynt

1657 1483 1688 1524 to
1705 1480 1758 1508 the

1655 1527 1770 1548 vicars.

1655 1755 1745 1786 Land
1761 1762 1792 1786 at

1655 1796 1808 1835 Spcltreg.

1652 2140 1755 2171 Green
1771 2141 1851 2171 lane.

1650 2595 1710 2624 For
1721 2595 1799 2633 Rog.
1810 2597 1848 2628 de

1649 2634 1808 2666 Nunwike

1648 2674 1710 2702 and
1729 2674 1793 2704 Isa-

1647 2713 1739 2750 bella,
1758 2714 1808 2744 his

1647 2753 1729 2782 wife.
