1915 3068
59 128 120 173 24

58 263 119 292 Hi<
136 273 243 301 peace-

56 304 104 332 ful
121 304 171 332 (le-

57 347 149 380 partu
155 352 196 372 re.

58 400 110 429 Ps.
125 401 189 430 eiii.

59 440 158 478 (civ.)
175 441 223 469 30.

59 582 160 620 Songs
175 591 209 611 as

59 622 92 650 of
104 628 232 660 strange

58 661 155 690 birds.

59 775 253 804 Commemo-

58 815 178 842 rations
193 819 226 843 at

60 854 195 884 Ounule.

63 1478 187 1507 Abbats

63 1522 145 1547 meet.
160 1522 191 1547 to

64 1558 135 1586 take
151 1558 203 1586 the

64 1597 146 1635 body
163 1600 195 1626 to

65 1636 180 1674 Ripon.

67 1737 131 1766 Itis
139 1737 266 1766 washed

65 1778 129 1805 and
144 1777 261 1805 vested.

70 2189 181 2218 Choirs
197 2189 230 2218 of

71 2229 189 2265 angela

774 144 1049 177 MEMORIALS
1085 145 1143 178 OF
1179 145 1336 179 RIPON.

293 254 363 293 Illi
387 268 485 294 vero
507 256 551 295 in
573 254 700 296 choro
721 257 791 296 die
813 260 1031 310 noctuque
1053 257 1351 297 indesinenter
1380 257 1573 297 Psalmos
1604 261 1824 308 canentes,

293 322 335 358 et
360 333 457 358 cum
481 319 587 359 fletu
610 321 856 371 miscentes,
878 321 1121 373 usquedum
1154 322 1200 361 in
1233 322 1406 361 Psalmo
1436 323 1672 362 centesimo
1694 322 1826 361 tertio

293 384 346 423 ad
369 384 627 424 versiculum
653 385 778 424 illum
800 390 1107 438 pervenerunt,
1129 386 1174 425 in
1207 400 1291 440 quo
1317 386 1490 434 dicitur,
1513 389 1524 409 ‘
1538 384 1705 426 Emitte
1729 383 1821 439 spi-

292 446 440 487 ritam
462 451 610 498 tuum,
630 452 666 489 et
689 448 974 500 creabuntur,
991 453 1027 489 et
1043 449 1275 491 renovabis
1289 449 1461 504 faciem
1475 449 1653 490 ὒενττοῖ)
1702 450 1824 489 Tunc

295 515 465 551 sanctus
487 512 681 565 pontifex
703 517 848 553 noster
870 514 1016 553 emisit
1039 515 1242 567 spiritum
1265 528 1406 565 suum,
1428 518 1472 554 et
1504 528 1651 554 omnes
1675 518 1823 567 stupe-

292 575 395 615 facti
415 581 530 625 sunt,
547 577 771 617 audientes
790 591 839 617 ea
854 576 958 617 hora
976 579 1165 617 sonitum
1182 579 1303 631 quasi
1320 579 1464 618 avium
1480 578 1821 627 advenientium,

292 640 407 680 nube
429 641 611 680 testium
632 641 926 692 confirmante,
948 641 1150 681 abbatem
1181 642 1427 682 ordinatum
1454 644 1725 695 acceperunt,
1747 641 1822 694 qui

292 718 368 757 pro
389 705 522 757 patris
544 719 685 745 amore
709 706 789 756 sui,
813 707 949 745 sancti
980 706 1193 758 pontificis
1220 707 1372 757 nostri,
1393 706 1533 745 multa
1553 706 1664 745 bona
1684 705 1823 745 facere

293 769 530 809 consuevit.
574 769 686 808 Nam
709 770 825 808 omni
848 770 918 809 die
940 783 1015 822 pro
1033 784 1082 809 eo
1103 770 1283 809 Missam
1298 770 1563 824 singularem
1580 769 1794 809 celebrare
1813 782 1824 817 3

294 836 338 872 et
359 833 474 872 omni
498 831 765 872 hebdomada
785 834 984 887 quintam
1013 833 1180 885 feriam,
1202 835 1248 873 in
1276 847 1361 887 qua
1391 833 1514 884 obiit,
1537 834 1656 887 quasi
1679 833 1828 872 Domi-

293 897 448 948 nicam,
489 897 535 937 in
577 898 715 950 epulis
758 898 952 937 venerari
968 912 978 946 ;
994 899 1009 921 ²
1047 902 1091 937 et
1131 898 1420 937 anniversaria
1460 898 1530 937 die
1571 897 1715 937 obitus
1759 897 1826 936 sui

290 962 513 1001 universas
565 962 829 1001 decimarum
879 966 1023 1015 partes
1065 962 1118 1001 de
1169 962 1378 1001 armentis
1430 965 1475 1001 et
1525 961 1579 1001 de
1621 961 1826 1015 gregibus

293 1025 552 1079 pauperibus
590 1026 738 1078 populi
774 1026 839 1065 sui
872 1026 1065 1066 dividere
1098 1026 1298 1065 omnibus
1330 1026 1482 1065 diebus
1517 1026 1617 1065 vitae
1652 1039 1739 1065 suae
1773 1024 1827 1064 ad

293 1089 476 1143 gloriam
498 1090 578 1129 Dei
600 1091 843 1140 constituit,
864 1089 1023 1143 absque
1055 1088 1122 1129 his
1155 1090 1453 1143 eleemosynis,
1475 1103 1578 1143 quas
1601 1089 1718 1129 omni
1741 1089 1828 1138 die,

294 1167 370 1206 pro
401 1167 458 1203 se,
494 1157 538 1193 et
574 1167 649 1206 pro
681 1154 825 1193 anima
858 1154 1044 1207 episcopi
1075 1154 1155 1204 sui,
1185 1167 1354 1206 semper
1386 1154 1659 1204 nominatim,
1697 1152 1827 1193 simul

293 1217 512 1271 indigenis
535 1221 580 1257 et
601 1218 706 1267 Deo,
728 1218 872 1257 dabat.
1808 1212 1811 1216 ¹

383 1280 504 1336 (Cap.
527 1281 634 1335 lxv.)
695 1282 904 1321 Dominus
934 1282 1080 1335 itaque
1111 1285 1308 1322 nostrum
1332 1285 1528 1322 sanctum
1561 1281 1828 1335 pontificem,

295 1360 504 1400 magnum
536 1347 692 1396 virum,
725 1349 771 1386 et
806 1346 979 1386 fidelem
1014 1360 1198 1395 servum,
1231 1347 1343 1385 sicut
1376 1347 1605 1397 credimus,
1636 1346 1751 1399 apud
1785 1359 1828 1385 se

296 1411 412 1450 inter
447 1424 543 1450 suos
582 1413 765 1461 sanctos,
798 1410 1103 1450 miraculorum
1141 1411 1377 1450 virtutibus
1408 1409 1655 1450 hominibus
1689 1409 1830 1450 decla-

297 1475 424 1514 ravit,
486 1475 598 1514 Nam
622 1475 806 1528 quadam
827 1474 897 1514 die
920 1474 1096 1514 abbates
1115 1475 1305 1528 undique
1319 1475 1614 1525 advenientes,
1634 1477 1831 1514 sanctum

298 1553 449 1592 corpus
483 1538 698 1592 pontificis
736 1539 781 1578 in
823 1553 951 1578 curru
993 1539 1324 1589 deducentibus,
1365 1539 1546 1592 aliisque
1579 1538 1831 1592 petentibus

300 1607 496 1643 sanctum
519 1617 671 1657 corpus
692 1603 846 1653 lavare,
870 1607 914 1642 et-
945 1603 1178 1657 diligenter
1210 1602 1528 1657 honorificeque
1551 1603 1689 1652 indui,
1720 1603 1832 1642 sicut

298 1668 481 1721 dignum
504 1671 609 1718 erat,
630 1668 853 1707 licentiam
875 1671 1246 1720 perpetraverunt.
1299 1668 1421 1706 Tunc
1443 1668 1560 1706 enim
1581 1667 1758 1720 quidam
1780 1679 1831 1705 ex

298 1731 540 1781 abbatibus,
567 1733 741 1771 nomine
775 1731 946 1780 Bacula,
971 1732 1209 1784 syndonem
1236 1745 1355 1771 suam
1385 1745 1511 1784 supra
1531 1730 1684 1771 faciem
1704 1734 1830 1769 terrae

299 1796 517 1849 expandit,
553 1799 597 1835 et
639 1809 765 1848 super
798 1810 892 1835 eam
925 1799 1121 1835 sanctum
1153 1810 1304 1848 corpus
1336 1796 1630 1848 deposuerunt
1660 1794 1829 1844 fratres,

301 1861 388 1901 suis
420 1860 618 1899 manibus
646 1860 854 1909 lavantes,
878 1860 1246 1913 ecclesiasticeque
1277 1860 1523 1909 induentes,
1545 1862 1590 1898 et
1619 1859 1673 1899 ad
1694 1858 1833 1912 praefi-

300 1925 445 1964 nitum
478 1924 618 1963 locum
652 1938 750 1963 cum
783 1923 956 1977 hymnis
994 1928 1039 1963 et
1068 1925 1245 1963 canticis
1275 1938 1373 1963 cum
1398 1924 1553 1963 timore
1581 1923 1663 1962 Dei
1691 1927 1834 1976 porta-

302 1989 434 2029 bant:
469 1992 513 2027 et
545 2002 672 2041 supra
703 1988 895 2038 domum,
928 1989 1047 2041 quasi
1073 1988 1360 2027 residentium
1391 1988 1538 2027 avium
1568 2001 1668 2026 cum
1690 1987 1835 2027 sonitu

302 2052 463 2091 iterum
484 2052 733 2101 audierunt,
756 2056 801 2091 et
834 2052 981 2091 statim
1013 2053 1173 2091 iterum
1195 2052 1460 2091 avolantium
1482 2051 1528 2090 in
1550 2051 1705 2090 coelum
1737 2065 1835 2090 cum

305 2116 421 2154 suavi
465 2116 758 2155 modulamine
806 2130 1061 2169 pennarum.
1144 2116 1370 2169 Sapientes
1421 2118 1583 2165 autem,
1625 2115 1699 2167 qui
1747 2115 1836 2154 illic

304 2179 495 2229 aderant,
517 2180 720 2219 dixerunt
742 2183 858 2219 certe
882 2193 924 2219 se
949 2180 1054 2219 scire
1072 2180 1322 2233 angelorum
1344 2178 1492 2219 choros
1506 2193 1604 2218 cum
1621 2177 1836 2218 Michaele

305 2245 486 2294 venisse,
520 2248 566 2284 et
598 2245 786 2284 animam
824 2245 959 2284 sancti
996 2244 1210 2297 pontificis
1245 2245 1290 2283 in
1326 2244 1577 2284 Paradisum
1609 2243 1835 2283 deducere.

305 2309 486 2358 Deinde,
505 2312 681 2348 extento
703 2309 805 2348 foris
826 2309 1028 2358 tentorio,
1052 2312 1247 2348 sanctum
1269 2322 1421 2361 corpus
1443 2307 1766 2356 balneaverunt,
1789 2310 1834 2347 et

302 2373 505 2413 balneum
528 2373 587 2412 ibi
610 2374 655 2412 in
686 2377 847 2412 terram
870 2373 1098 2421 foderunt3
1131 2376 1175 2412 et
1206 2371 1469 2412 habitatores
1501 2371 1619 2411 cellae
1641 2371 1832 2425 ligneam

301 2450 472 2476 crucem
503 2437 665 2477 ibidem
697 2441 847 2490 postea
878 2440 1109 2476 erexerunt
1140 2436 1287 2489 ibique
1310 2436 1521 2475 Dominus
1543 2435 1683 2474 multa
1704 2436 1834 2474 mira-

304 2501 410 2541 bilia
430 2501 568 2540 facere
589 2502 825 2541 consuevit.
888 2501 1036 2540 Nostri
1059 2515 1157 2540 vero
1181 2504 1377 2539 sanctum
1399 2513 1549 2552 corpus
1570 2497 1746 2538 lintheis
1768 2499 1834 2537 in-

379 2591 435 2630 (l)
462 2591 521 2625 Ps.
539 2590 606 2625 ciii.
629 2591 769 2635 (Vulg.)
790 2592 845 2625 30.
898 2591 934 2624 If
947 2591 1007 2625 the
1027 2603 1122 2625 verse
1140 2590 1308 2625 occurred
1327 2589 1361 2623 in
1388 2589 1450 2623 the
1475 2588 1643 2634 ordinary
1660 2600 1782 2622 course
1799 2586 1841 2622 of

304 2643 366 2677 the
386 2643 525 2677 Psalms
549 2643 578 2676 it
603 2655 677 2677 was
710 2643 745 2677 in
779 2655 873 2677 some
903 2647 1153 2686 arrangement
1182 2642 1346 2676 different
1372 2641 1462 2676 from
1493 2641 1594 2674 those
1621 2640 1662 2674 of
1686 2640 1747 2674 the
1777 2640 1837 2674 old

308 2695 466 2740 English,
486 2696 638 2736 Roman,
656 2696 726 2729 and
746 2695 921 2729 Monastic
939 2695 1147 2736 Breviaries,
1164 2695 1199 2728 in
1218 2695 1264 2728 all
1283 2695 1323 2729 of
1337 2693 1455 2728 which
1475 2693 1501 2727 it
1521 2705 1644 2727 occurs
1660 2692 1695 2726 in
1714 2693 1839 2727 Satur-

306 2748 404 2794 day's
421 2748 562 2782 matins.
613 2749 687 2782 The
701 2752 861 2791 context,
879 2748 1055 2790 however,
1073 2748 1194 2782 rather
1211 2747 1328 2793 points
1346 2751 1383 2781 to
1402 2759 1422 2780 a
1439 2746 1625 2780 recitation
1645 2746 1685 2780 of
1700 2745 1838 2780 Psalms

307 2805 410 2845 apart
428 2801 519 2835 from
538 2801 615 2835 that
635 2801 670 2834 in
688 2801 750 2835 the
769 2800 897 2835 Divine
915 2801 1032 2835 Office.
1080 2801 1231 2835 Emittes
1247 2800 1276 2834 is
1294 2800 1354 2834 the
1372 2798 1519 2844 reading
1536 2798 1577 2832 of
1599 2798 1657 2832 the
1684 2798 1836 2842 Psalter,

306 2852 374 2887 but
391 2853 526 2888 Emitte
545 2853 625 2887 that
642 2853 683 2887 of
704 2853 907 2899 antiphons,
926 2853 1103 2895 versicles,
1121 2857 1188 2887 etc.

381 2905 438 2945 (if)
466 2905 552 2939 This
570 2905 739 2951 probably
758 2906 866 2940 refers
885 2911 920 2940 to
938 2918 957 2940 a
975 2905 1287 2940 commemoration
1307 2904 1343 2939 in
1364 2904 1423 2938 the
1442 2904 1555 2938 Gracc
1575 2903 1667 2937 after
1686 2907 1791 2938 meat.
