1915 3068
63 467 132 490 Aa).
150 461 236 492 1224.

62 515 163 545 Arch-

62 555 174 592 bishop

62 593 188 624 Walter

61 632 150 671 Gray

61 673 230 703 translates

61 711 114 739 tho
131 713 213 749 body

59 751 94 778 of
115 750 159 780 St.
178 751 258 781 Wil-

59 789 149 819 frith.

54 1099 122 1129 The
139 1100 218 1129 head

54 1140 232 1177 separately

53 1178 230 1209 enslnined.

51 1606 243 1644 Indulgence

48 1647 83 1675 of
101 1648 138 1675 30
159 1647 247 1685 days.

48 1799 147 1828 Arch-

47 1838 158 1872 bis-hon

47 1878 199 1907 Oswald's

48 1918 164 1945 former

48 1957 246 1987 translation.

783 138 1057 171 MEMORIALS
1093 138 1150 172 OF
1186 138 1343 172 RIPON.

297 289 628 326 INDULGENOE
661 291 760 326 FOR
786 290 949 326 THOSE
983 291 1209 327 VISITING
1237 291 1304 325 ST.
1332 290 1636 326 WILFRITH'S
1669 290 1826 328 HEAD.

783 373 1053 407 DARNBROUGH
1078 373 1155 408 MS.
1205 373 1273 408 No.
1293 373 1352 407 V.¹

385 449 605 490 Universis
627 449 792 490 Sanctae
820 450 969 489 matris
1001 449 1187 489 ecclesiae
1219 452 1450 502 praesentes
1481 449 1648 490 litteras
1670 451 1823 491 visuris

296 513 364 552 vel
404 514 629 553 audituris.
690 514 921 562 VValterus,
963 513 1045 552 Dei
1095 514 1237 567 gracia
1272 513 1400 553 Ebor.
1452 513 1822 567 Archiepiscopus,

294 577 459 630 Angliae
490 578 670 628 Primas,
701 577 882 617 salutem
914 578 959 616 in
991 577 1188 617 Domino.
1251 577 1463 625 Quoniam
1496 591 1662 618 summa
1692 592 1822 618 vene-

293 641 460 680 racione
498 641 631 694 digna
668 645 770 680 sunt
803 655 974 694 corpora
1005 655 1153 681 eorum
1183 642 1229 680 in
1259 641 1386 681 terris
1417 655 1600 694 quorum
1642 643 1820 681 nomina

292 704 405 743 felici
438 705 567 744 titulo
603 706 760 758 scripta
795 708 897 744 sunt
932 705 978 744 in
1010 705 1141 755 coelis,
1175 718 1252 744 nos
1286 704 1339 744 ad
1372 705 1731 758 supplicacionem
1774 710 1819 745 et

292 769 548 808 instanciam
599 769 854 808 dilectorum
897 768 1085 808 filiorum
1135 769 1436 808 canonicorum
1486 769 1654 821 Ripon’,
1705 783 1817 809 anno

290 832 524 872 Dominicae
546 833 863 872 Incarnacionis
885 832 1116 872 millesimo
1147 832 1401 872 duodecimo
1423 833 1627 872 vicesimo
1648 836 1816 885 quarto,

291 910 442 948 corpus
479 897 613 936 sancti
645 897 778 950 patris
820 901 865 936 et
897 897 1092 950 ejusdem
1135 896 1323 936 ecclesiae
1362 897 1531 949 patroni
1563 896 1751 936 Wilfridi
1792 911 1817 937 a.

288 961 422 999 veteri
444 974 567 1013 capsa
588 961 633 999 in
654 974 824 1009 novam,
841 960 1025 1000 secundo
1041 960 1110 999 die
1126 959 1292 999 Natalis
1309 960 1481 999 Domini
1499 960 1815 1011 transtulimus,

288 1028 332 1062 et
349 1037 501 1077 corpus
519 1025 661 1077 ipsum
677 1028 836 1074 totum,
854 1024 974 1063 nullo
988 1022 1147 1077 majore
1165 1023 1233 1063 vel
1250 1024 1413 1063 minore
1428 1037 1521 1063 osse
1536 1023 1603 1063 vel
1619 1024 1814 1074 articulo,

288 1091 335 1126 ut
360 1101 434 1140 pro
455 1092 571 1127 certo
592 1088 821 1138 credimus,
844 1085 1086 1127 deficiente.
1140 1086 1286 1140 Capud
1303 1088 1318 1110 ²
1339 1091 1487 1127 autem
1508 1088 1643 1140 ipsius
1668 1087 1814 1127 Sancti

286 1151 487 1191 duximus
512 1153 698 1191 exterius
721 1152 978 1192 servandum
1011 1155 1055 1191 et-
1084 1149 1316 1191 honorifice
1348 1149 1658 1201 collocandum,
1680 1155 1731 1191 ut
1761 1166 1812 1192 ex

284 1215 376 1267 ejus
408 1216 570 1255 visione
603 1220 648 1256 et
679 1216 786 1256 fides
818 1216 1015 1256 fidelium
1046 1214 1282 1265 roboretur,
1304 1218 1349 1255 et
1379 1215 1552 1255 devocio
1584 1218 1809 1269 augeatur.

284 1279 488 1319 Volentes
511 1280 647 1333 igitur
677 1277 882 1320 honorem
914 1280 1049 1333 ipsius
1079 1279 1317 1319 beatissimi
1350 1279 1483 1332 patris
1515 1278 1734 1332 ampliare,
1767 1284 1812 1319 et

285 1343 414 1382 saluti
435 1344 677 1383 animarum
699 1343 744 1383 in
767 1344 901 1397 ipsius
932 1343 1258 1383 veneracionem
1289 1342 1525 1396 providere,
1548 1342 1601 1382 de
1623 1341 1811 1397 (miseri-

283 1407 438 1459 cordia)
457 1407 472 1431 ³
503 1408 583 1447 Dei
615 1407 765 1447 confisi
797 1407 995 1447 omnibus
1027 1407 1103 1460 qui
1133 1406 1187 1446 ad
1219 1407 1406 1446 eundem
1440 1406 1647 1446 Sanctum
1678 1420 1809 1447 vene-

282 1471 463 1510 randum
515 1475 558 1511 et
599 1471 822 1511 ecclesiam
865 1471 1017 1524 Ripon'
1057 1470 1347 1511 honorandam
1391 1473 1436 1509 et
1476 1469 1808 1523 promovendam

281 1536 549 1584 accesserint,
563 1535 628 1574 vel
652 1536 734 1575 alio
754 1535 880 1575 modo
902 1549 976 1588 per
997 1535 1101 1575 alios
1125 1535 1158 1574 si
1175 1534 1401 1587 praepediti
1422 1533 1587 1573 fuerint
1608 1535 1809 1574 visitave-

281 1599 383 1647 rint,
405 1599 608 1638 confessis
631 1603 675 1639 et
693 1613 790 1639 vere
812 1599 1138 1652 poenitentibus,
1153 1599 1205 1638 de
1227 1597 1425 1652 injuncta
1447 1598 1528 1638 sibi
1550 1599 1809 1651 poenitencia

279 1663 461 1716 triginta
491 1663 582 1702 dies
615 1662 870 1713 relaxamus,
902 1662 981 1702 hoc
1013 1663 1217 1702 videlicet
1249 1663 1429 1715 proviso,
1461 1665 1513 1702 ut
1543 1661 1633 1702 haec
1664 1662 1808 1701 indul-

279 1727 430 1780 genCIa
453 1728 633 1781 triginta
653 1727 822 1766 dierum
844 1742 869 1767 a
890 1727 959 1767 die
983 1726 1293 1767 Translacionis
1325 1726 1470 1766 Sancti
1492 1740 1566 1779 per
1587 1739 1663 1765 nos
1685 1725 1807 1765 factae

281 1789 407 1830 duret
442 1804 577 1843 usque
609 1791 662 1830 ad
693 1791 807 1830 diem
838 1789 1091 1844 Epiphaniae
1128 1790 1405 1842 completum.
1468 1790 1521 1829 In
1552 1789 1676 1829 festis
1707 1802 1806 1828 vero

279 1857 369 1893 tam
393 1868 480 1894 suae
502 1854 796 1907 Deposicionis
818 1869 947 1908 quam
979 1854 1289 1894 Translacionis
1321 1853 1509 1906 primum
1534 1867 1609 1906 per
1629 1853 1806 1892 beatum

282 1916 551 1957 Oswaldum⁴
583 1916 706 1957 factae
737 1918 865 1958 duret
890 1931 966 1971 per
997 1920 1091 1957 octo
1122 1917 1225 1966 dies,
1255 1919 1305 1956 ut
1336 1916 1410 1969 qui
1445 1946 1454 1956 .
1489 1946 1498 1956 .
1532 1947 1541 1956 .
1576 1916 1605 1955 .⁵
1636 1916 1806 1956 eosdem

280 1981 371 2020 dies
404 1981 545 2033 ipsum
579 1980 785 2021 Sanctum
817 1982 1018 2031 adierint,
1042 1980 1109 2020 vel
1135 1994 1405 2034 quocumque
1433 1980 1560 2020 modo
1587 1981 1658 2033 pia
1678 1980 1806 2020 devo-

279 2045 399 2084 cione
432 2045 719 2094 visitaverint,
752 2044 947 2098 ejusdem
988 2044 1277 2098 indulgenciae
1309 2044 1486 2097 plenum
1519 2048 1805 2097 consequatur

351 2162 406 2206 (l)
433 2161 580 2195 Printed
598 2160 633 2195 in
651 2160 795 2196 Raine's
817 2162 942 2206 Graqs's
959 2162 1130 2205 Royister,
1149 2161 1244 2206 App.
1264 2160 1361 2194 xxiii.

352 2214 409 2259 (2)
436 2214 616 2259 Frequent
640 2213 834 2248 references
858 2218 897 2248 to
922 2213 984 2248 the
1009 2215 1018 2232 ‘
1034 2212 1159 2259 Oapud
1186 2212 1307 2248 Sancti
1333 2212 1517 2247 Wilfridi'
1543 2223 1647 2246 occur
1677 2212 1713 2246 in
1742 2212 1804 2247 the

281 2270 430 2301 account
447 2266 541 2300 rolls.
591 2265 634 2299 In
660 2265 733 2300 like
759 2278 908 2301 manner
932 2266 994 2301 the
1018 2266 1110 2300 head
1128 2264 1169 2299 of
1190 2265 1241 2300 St.
1262 2265 1418 2299 Alkelda
1435 2270 1473 2299 at
1490 2264 1710 2299 Middleham
1728 2276 1802 2299 was

280 2319 479 2364 separately
503 2318 782 2362 enshrined.—(‘
795 2318 1092 2352 Richrnondshire
1115 2317 1245 2360 Wins:
1264 2317 1406 2351 Surtees
1434 2317 1511 2351 Soc.
1530 2316 1628 2351 xxvi.
1647 2329 1680 2362 p.
1702 2317 1800 2357 120.)

281 2372 412 2405 Indeed
433 2371 460 2405 it
477 2382 552 2404 was
574 2370 672 2416 quite
690 2382 710 2405 a
727 2383 890 2405 common
917 2370 1071 2417 practice
1096 2374 1134 2405 to
1160 2370 1323 2404 enshrine
1348 2369 1459 2403 heads
1485 2370 1694 2415 sepamtely,
1711 2381 1749 2404 as
1766 2369 1801 2403 in

280 2425 341 2458 the
367 2435 444 2458 case
470 2423 510 2457 of
540 2423 600 2457 the
625 2424 739 2457 Three
765 2423 880 2467 Kings
912 2424 952 2458 of
984 2424 1151 2468 Cologne,
1180 2423 1249 2456 and
1275 2421 1478 2468 reliqum-ies
1504 2422 1538 2455 in
1565 2422 1625 2456 the
1649 2421 1741 2456 form
1766 2422 1807 2456 of

281 2477 402 2516 heads,
432 2475 637 2515 containing
670 2476 792 2519 skulis,
822 2488 905 2521 may
936 2477 1033 2510 often
1062 2475 1105 2510 be
1135 2487 1212 2510 seen
1248 2475 1282 2509 in
1317 2475 1378 2509 the
1411 2474 1599 2509 treasuries
1628 2474 1668 2509 of
1702 2479 1803 2517 great

280 2529 452 2563 churches
470 2539 512 2561 on
538 2528 598 2561 the
616 2527 820 2562 Continent.
870 2528 903 2562 A
931 2527 1067 2562 Jewish
1087 2527 1254 2562 traveller
1278 2527 1314 2561 in
1343 2527 1432 2561 1537
1458 2526 1567 2560 heard
1593 2530 1632 2560 at
1656 2525 1801 2560 Hebron

280 2581 359 2615 that
377 2581 438 2614 the
455 2580 545 2614 head
564 2580 604 2613 os
625 2580 721 2613 Esau
746 2592 819 2614 was
843 2581 1029 2626 preserved
1054 2581 1090 2614 in
1118 2580 1178 2614 the
1203 2580 1338 2614 famous
1363 2590 1507 2624 mosque
1529 2578 1803 2623 there—(Hot-

280 2634 406 2677 tingrer.
431 2632 531 2676 Gippi
547 2632 721 2675 Hebraici,
740 2632 967 2677 Heidelberg,
988 2634 1090 2675 1662,
1107 2645 1164 2678 pp.
1183 2633 1239 2675 30,
1258 2631 1332 2673 31.)

354 2686 410 2727 (3)
439 2684 514 2718 Has
538 2683 627 2717 been
653 2684 804 2718 misread
830 2684 877 2729 by
901 2685 964 2719 the
990 2684 1205 2719 transcriber
1230 2695 1269 2718 as
1293 2686 1302 2703 ‘
1317 2683 1488 2725 imedia';
1515 2682 1576 2717 the
1593 2682 1719 2728 phrase
1737 2681 1801 2716 ‘de

281 2735 516 2770 misericordia
534 2735 618 2769 Dei’
636 2735 665 2769 is
682 2736 766 2770 used
785 2736 819 2770 in
837 2736 938 2770 other
956 2737 1191 2781 Indulgences
1209 2736 1244 2770 in
1263 2736 1336 2770 this
1352 2735 1571 2770 connection.

354 2790 408 2827 (4)
438 2788 503 2821 See
522 2790 530 2806 ‘
546 2787 630 2821 Vita
650 2788 685 2822 S.
704 2788 863 2823 Oswaldi
877 2789 885 2804 '
910 2789 946 2823 in
973 2789 1115 2823 Raine's
1137 2788 1340 2823 Historiam
1357 2787 1400 2834 of
1426 2788 1534 2830 York,
1551 2787 1574 2822 i.
1593 2787 1662 2820 462
1682 2786 1799 2829 (Rolls

281 2841 426 2878 sorios),
444 2839 511 2873 and
531 2838 653 2879 above,
671 2851 703 2884 p.
722 2840 778 2873 41.

353 2894 407 2930 (5)
437 2891 550 2924 Blank
570 2891 603 2923 in
623 2891 823 2936 transm-isit.
