1935 3151
98 170 190 215 196
810 177 1084 211 Mmroams
1120 178 1177 211 or
1213 178 1370 212 RiroN.

95 315 266 336 renounees
327 289 523 343 quietum
538 290 740 331 clamasse
763 289 950 331 «Iohanni
972 291 1025 331 de
1048 290 1175 344 Clynt
1199 291 1352 331 seniori
1369 290 1421 330 de
1440 289 1607 343 Ripon',
1624 291 1855 345 capellano,

91 347 129 413 ἓξ
140 345 243 414 ιέῗξξὲᾐ
326 352 569 393 haeredibus
592 358 637 394 et
658 355 888 409 assignatis
909 354 1011 403 suis,
1031 356 1176 393 totum
1191 351 1265 408 jus
1283 357 1328 394 et
1348 354 1561 393 clameum
1574 367 1722 394 meum
1743 356 1856 408 quod

90 423 147 468 per
160 417 253 453 esaim
324 431 540 471 uncquam
563 417 708 469 habui,
730 417 880 468 habeo,
899 431 974 457 seu
995 417 1137 470 aliquo
1158 418 1283 458 modo
1299 418 1352 458 de
1369 421 1522 457 caetero
1537 416 1694 458 habere
1707 423 1856 471 potero

90 472 124 491 ¹¹¹
140 472 158 492 ⁸
173 463 276 494 house.
323 481 369 520 in
394 481 601 532 futurum,
618 483 663 521 in
685 485 777 522 toto
793 482 868 521 illo
889 484 1142 521 tenemento
1156 495 1255 521 cum
1269 483 1356 521 suis
1369 482 1662 534 pertinenciis,
1680 481 1855 535 jacente

321 545 368 583 in
391 544 544 598 Ripon’
565 545 610 584 in
632 545 910 598 Ploxomgate
942 544 1057 583 inter
1087 547 1391 584 tenementum
1421 544 1449 584 J
1452 543 1629 583 ohannis
1650 544 1771 597 Bayn
1802 558 1854 584 ex

320 612 441 661 parte
472 622 573 658 una,
596 612 641 648 et
671 611 974 648 tenementum
1005 606 1178 647 Thomae
1209 609 1262 648 de
1293 606 1447 660 Thorp'
1469 621 1521 646 ex
1551 610 1671 660 parte
1703 607 1852 658 altera,

320 672 493 711 nomine
515 671 642 711 dotis.
704 672 774 711 Ita
795 671 996 711 videlicet
1024 672 1137 724 quod
1158 685 1237 711 nec
1269 685 1348 726 ego
1378 671 1582 724 praedicta
1602 671 1750 721 Elena,
1771 685 1852 712 nec

321 733 510 775 haeredes
532 736 632 785 mei,
654 749 733 775 nec
754 735 909 788 aliquis
930 748 1006 788 pro
1026 748 1097 774 me
1120 748 1196 774 seu
1223 736 1398 775 nomine
1428 748 1538 783 meo,
1559 734 1721 787 aliquid
1736 734 1849 788 juris

318 799 386 838 vel
408 799 558 838 clamei
580 800 626 839 in
647 799 851 852 praedicto
871 802 1121 839 tenemento
1142 812 1241 838 cum
1265 800 1352 838 suis
1374 798 1654 852 pertinenciis
1674 799 1850 839 nomine

317 862 428 902 dotis
451 863 503 902 de
526 866 679 902 caetero
702 863 872 916 exigere
894 862 959 902 vel
984 862 1210 902 vendicare
1232 863 1470 915 poterimus
1490 862 1537 901 in
1557 861 1769 912 futurum,
1787 865 1851 902 set

315 925 368 965 ab
390 927 506 965 omni
527 927 697 966 accione
721 927 852 966 simus
875 926 1037 966 exclusi
1057 939 1133 978 per
1153 929 1386 979 praesentes
1407 926 1743 978 imperpetuum.
1796 926 1849 965 In

315 989 437 1042 eujus
473 989 535 1029 rei
571 990 874 1029 testimonium
911 988 1011 1029 huic
1046 989 1248 1042 praesenti
1283 990 1439 1042 scripto
1475 989 1667 1043 sigillum
1702 1003 1849 1029 meum

313 1054 505 1106 apposui.
568 1054 665 1093 Hiis
687 1054 887 1103 testibus,
910 1053 937 1094 J
940 1052 1107 1093 ohanne
1129 1053 1182 1093 de
1196 1052 1404 1106 Topclyff‚
1420 1053 1612 1092 VValtero
1626 1053 1678 1092 de
1694 1053 1848 1104 Ledes,

82 1069 263 1100 Ramesses·
314 1115 511 1157 Johanne
544 1117 596 1157 de
618 1117 813 1167 Tanfeld,
836 1117 1018 1157 Ricardo
1048 1117 1102 1156 de
1126 1116 1294 1167 Stokes,
1316 1117 1536 1157 Willelmo
1567 1116 1620 1156 de
1653 1116 1847 1168 Scotton,

80 1195 147 1225 Oct.
165 1199 192 1233 8,
314 1184 359 1221 et
389 1181 540 1220 multis
571 1181 680 1221 aliis.
742 1181 841 1220 Dat.
863 1181 976 1234 apud
1003 1179 1169 1233 Ripon',
1192 1180 1304 1234 1111]νο
1335 1181 1404 1221 die
1435 1181 1598 1220 mensis
1636 1179 1846 1231 Octobris,

78 1243 147 1265 Μ)-
165 1237 250 1267 ¹375·
312 1258 424 1284 anno
445 1246 567 1300 regni
590 1246 703 1300 regis
725 1245 920 1284 Edwardi
941 1244 1064 1285 tercii
1084 1248 1182 1298 post
1202 1247 1498 1298 conquaestum
1519 1244 1846 1298 quadragesimo

314 1322 439 1349 nono.

705 1470 782 1509 VI.
816 1469 1119 1510 OUTLYING
1164 1468 1438 1510 CHAPELS.

555 1576 690 1613 XCIX.
725 1578 943 1613 LIGENOE
986 1578 1082 1613 FOR
1116 1577 1337 1612 SAWLEY
1371 1577 1589 1612 CHAPEL.

845 1658 986 1701 (RIPON
1014 1657 1197 1692 OHAPTER
1222 1657 1319 1701 MS.)

76 1750 212 1788 Chapter
398 1736 646 1790 Capitulum
670 1736 816 1777 Sancti
832 1736 1020 1776 Wilfridi
1037 1737 1090 1776 de
1106 1735 1274 1789 Ripon’,
1291 1736 1490 1776 omnibus
1514 1739 1669 1776 sanctae
1691 1736 1840 1776 matris

73 1790 108 1857 {2
120 1790 232 1858 ζζξξζζζξ
308 1801 508 1840 Ecclesiae
524 1801 639 1850 filiis,
651 1800 848 1841 salutem.
872 1800 1052 1840 Noverit
1065 1801 1322 1840 universitas
1338 1803 1478 1840 vestra
1491 1814 1566 1840 nos
1583 1800 1839 1840 concessisse

75 1867 182 1897 Ward-
307 1864 409 1904 Adae
430 1865 560 1904 Ward
582 1868 627 1904 et
648 1863 890 1904 haeredibus
915 1865 1001 1904 suis
1024 1863 1180 1904 habere
1213 1863 1420 1917 capellam
1451 1864 1565 1917 apud
1588 1863 1772 1916 Psallay,
1794 1866 1839 1903 et

306 1928 575 1980 capellanum
609 1928 881 1978 servientem,
915 1927 1028 1967 salvo
1060 1928 1105 1967 in
1137 1927 1335 1967 omnibus
1360 1927 1459 1980 jure
1491 1926 1734 1980 parochiali,
1759 1926 1839 1967 sub

72 2005 175 2034 Adam
306 1990 385 2031 hac
427 1991 573 2031 forma.
635 1991 871 2031 Praedictus
904 1992 1041 2031 Adam
1082 1992 1205 2031 nobis
1246 1991 1512 2044 capellanum
1545 1990 1838 2044 praesentabit,

72 2044 226 2121 ὲῖἓξρῇξοᾶ
305 2055 379 2107 qui
416 2059 648 2108 antequam
684 2055 729 2094 in
766 2054 943 2108 praefata
978 2055 1140 2108 capella
1175 2055 1395 2094 ministret
1421 2054 1587 2107 jurabit
1618 2054 1742 2094 nobis
1784 2054 1837 2094 de

71 2123 228 2161 ehaplain.
304 2119 621 2172 indempnitate
635 2119 904 2158 oblacionum
919 2122 964 2158 et
978 2119 1250 2158 obvencium¹
1267 2122 1311 2158 et
1324 2119 1517 2158 omnium
1531 2117 1837 2158 beneficiorum

305 2196 399 2234 quae
436 2182 677 2235 antiquitus
711 2185 755 2221 et
796 2182 849 2221 de
890 2196 1000 2221 novo
1032 2182 1085 2221 ad
1122 2182 1345 2222 ecclesiam
1386 2185 1577 2222 nostram
1618 2181 1837 2235 pertinere

303 2245 601 2295 dinoscuntur,
624 2249 669 2284 et
699 2245 813 2298 quod
836 2245 974 2285 fidelis
1005 2245 1087 2284 erit
1118 2245 1307 2284 ecclesiae
1338 2249 1483 2284 nostro
1506 2248 1550 2284 et
1571 2243 1759 2298 capitulo
1791 2247 1836 2284 et

303 2309 505 2348 canonico
525 2308 579 2348 ad
600 2307 723 2361 cujus
745 2308 1017 2361 praebendam
1048 2307 1303 2361 parochialia
1332 2308 1385 2347 de
1409 2308 1576 2360 Salleya
1597 2308 1834 2360 pertinent,

302 2385 383 2413 nec
413 2385 490 2413 nos
521 2372 567 2412 in
598 2372 741 2425 aliquo
772 2372 886 2425 quod
910 2374 1076 2425 spectat
1105 2372 1158 2411 ad
1183 2371 1258 2425 jus
1282 2372 1430 2411 matris
1452 2371 1640 2411 ecclesiae
1662 2370 1833 2413 defrau-

300 2436 434 2476 dabit.
467 2436 524 2474 Et
544 2439 753 2488 praeterea
772 2436 887 2475 idem
909 2436 1151 2489 capellanus
1174 2435 1252 2475 sub
1275 2435 1424 2475 eodem
1441 2434 1690 2488 juramento
1710 2434 1833 2475 nobis

302 2498 579 2552 respondebit
599 2512 674 2551 pro
695 2500 786 2537 tota
807 2498 882 2539 illa
902 2498 1099 2551 parochia
1119 2502 1265 2539 nostra
1285 2499 1355 2538 0111
1373 2499 1543 2538 serviet.
1606 2498 1670 2538 De
1692 2497 1832 2539 tribus

69 2518 234 2548 Oblations

69 2559 167 2586 ntthe
179 2559 266 2588 three
300 2561 591 2603 oblacionibus
634 2561 768 2601 trium
812 2561 1183 2616 sollempnitatum
1223 2562 1475 2602 annualium
1516 2575 1592 2614 per
1641 2561 1831 2615 singulos

68 2599 170 2664 ἓξὲξ.
300 2639 448 2676 annos,
480 2625 643 2665 scilicet
672 2624 839 2664 Natalis
871 2625 1058 2676 Domini,
1090 2624 1276 2676 Paschae,
1305 2629 1350 2665 et
1383 2624 1529 2665 Sancti
1551 2623 1754 2675 Wilfridi,
1786 2624 1831 2664 id

299 2692 367 2729 est
400 2689 446 2728 in
482 2688 676 2741 quolibet
711 2687 1011 2740 praedictorum
1051 2688 1275 2738 festorum,
1308 2689 1361 2729 de
1394 2700 1649 2741 unoquoque
1685 2686 1831 2727 Huse-

299 2751 440 2791 bande
461 2751 649 2800 obolum,
672 2754 716 2790 et
737 2751 790 2790 de
813 2764 1068 2804 unaquaque
1090 2750 1303 2805 Husewis
1330 2751 1516 2792 obolum.
1579 2750 1692 2799 Quas
1714 2750 1830 2790 obla-

298 2817 441 2854 ciones
463 2815 691 2867 praedictus
714 2813 959 2866 capellanus
979 2815 1236 2855 auctoritate
1258 2815 1382 2855 Beati
1404 2814 1590 2854 Wilfridi
1613 2817 1657 2854 et
1670 2816 1828 2864 nostra,

299 2882 339 2917 ct
366 2879 399 2917 si
424 2891 593 2917 net-esse
616 2877 761 2926 fuerit,
784 2877 955 2915 domino
978 2878 1067 2916 Ada
1100 2882 1143 2917 ct
1175 2878 1414 2918 haeredibus
1448 2879 1536 2918 suis
1560 2877 1827 2932 cogentibus,

948 2959 954 2976 ¹
984 2959 1030 2989 So
1052 2957 1083 2990 in
1107 2958 1179 2992 Ms'.
