1935 3151
60 147 156 194 214

59 278 113 307 the
132 278 202 307 hos-

58 318 137 355 pital
153 318 208 346 has

59 357 209 393 spiritual

58 395 254 434 possessions.

57 731 177 762 Robert

57 772 173 801 admits
185 772 256 801 that

57 810 97 839 he
113 811 138 839 is
153 821 170 839 a
187 811 255 850 lay-

57 859 139 886 man,
158 851 215 879 but

57 889 163 918 denies
175 890 246 919 that

56 929 111 956 the
129 929 197 957 hos-

56 968 136 1004 pital
158 968 214 996 has

56 1007 230 1044 spirituals‚

56 1045 113 1074 but
131 1046 199 1075 that
214 1048 241 1076 it

55 1085 117 1113 and
135 1085 176 1113 its

55 1124 214 1160 pertinent

56 1171 108 1191 are
123 1168 201 1192 tem-

55 1202 153 1239 poral.

58 1301 145 1331 Issue

56 1341 156 1369 venire

57 1380 215 1410 awarded.

58 1935 187 1973 Respitc

57 1976 104 2003 for
119 1978 206 2004 want

57 2015 91 2043 of
103 2015 220 2052 jurors.

56 2255 131 2285 Nisi
140 2257 241 2294 prius.

57 2764 98 2792 In
113 2764 226 2793 cedula.

57 2817 159 2845 David
181 2822 252 2854 puts

55 2865 86 2883 ln
102 2864 224 2884 exaun-

54 2894 160 2923 nution
181 2897 214 2922 οῖ’

783 158 1059 192 MEMORIALS
1095 159 1153 192 OF
1189 158 1348 193 RIPON.

292 270 346 311 de
360 270 554 310 Manerio
567 269 839 321 deVVhitclif,
857 273 901 309 et
915 270 1051 309 eciam
1063 270 1300 310 oblaciones
1318 273 1363 310 et
1375 269 1458 309 alia
1475 268 1712 323 spiritualia
1725 283 1819 325 quae

291 334 399 374 laica
429 348 608 387 persona
639 335 782 387 aliquo
813 334 938 373 modo
968 335 1185 387 percipere
1210 347 1296 373 non
1319 337 1462 386 potest
1482 347 1561 373 1100
1581 335 1753 386 debere,
1775 339 1821 375 et

292 399 351 437 sie
373 398 427 437 de
441 398 539 451 jure
562 397 773 451 hospitale
795 398 904 437 illud
925 397 1050 437 modo
1064 401 1199 448 vacat,
1214 398 1324 437 etad
1338 397 1611 438 collacionem
1626 398 1820 451 ejusdem

291 462 454 502 domini
475 462 605 515 Regis
628 475 679 501 ex
701 475 826 501 causa
847 461 1051 514 praedicta
1081 463 1287 514 pertinet,
1311 465 1355 501 et
1385 462 1498 514 petit
1519 462 1662 514 ipsum
1683 462 1820 502 David

289 526 343 565 ad
365 524 576 579 hospitale
598 526 707 565 illud
728 525 902 565 admitti
926 528 970 564 et
991 526 1301 577 possessionem
1332 525 1525 578 ejusdem
1547 526 1628 565 sibi
1649 525 1820 565 liberari

283 589 411 642 juxta
438 589 617 629 formam
652 589 892 628 collacionis
926 588 1140 642 praedictae
1174 589 1255 629 sibi
1292 602 1367 642 per
1400 589 1566 629 dictum
1594 590 1820 629 dominum

291 654 457 708 Regem
478 653 579 692 inde
601 653 739 692 factae.

379 717 436 756 Et
456 717 686 770 praedictus
708 716 921 756 Robertus
942 716 1053 756 bene
1074 716 1276 770 cognovit
1296 716 1409 768 quod
1427 719 1492 756 est
1504 716 1611 755 laica
1626 729 1819 769 persona,

291 783 335 820 et
376 781 482 820 dicit
522 780 635 833 quod
672 780 864 830 decimae,
905 779 1157 830 oblaciones,
1195 793 1270 819 seu
1306 780 1544 832 spiritualia
1584 780 1726 833 aliqua
1766 780 1821 819 ad

290 842 499 897 hospitale
520 844 775 897 praedictum
796 857 883 883 non
904 844 1140 896 pertinent,
1163 847 1229 882 set
1260 844 1373 896 quod
1395 844 1512 883 idern
1533 842 1743 895 hospitale
1776 847 1821 883 et

290 909 434 947 omnia
455 908 508 947 ad
529 907 638 947 illud
660 908 927 960 pertinencia
950 910 1052 946 sunt
1082 907 1347 959 temporalia,
1371 911 1416 947 et
1446 908 1499 946 de
1522 906 1600 946 1100
1620 907 1744 959 ponit
1776 920 1821 947 se

290 985 417 1024 super
439 972 635 1024 patriam,
657 975 701 1010 et
721 971 952 1024 praedictus
974 971 1110 1010 David
1131 984 1206 1023 pro
1228 971 1342 1010 dicto
1364 970 1537 1010 domino
1558 970 1677 1024 Rege
1702 970 1821 1009 simi-

290 1035 404 1086 liter,
425 1049 501 1088 per
532 1036 645 1088 quod
677 1035 803 1074 datus
825 1038 890 1074 est
911 1038 999 1073 tam
1023 1035 1226 1087 praedicto
1258 1034 1409 1084 David,
1432 1035 1507 1087 qui
1530 1035 1724 1087 sequitur
1745 1047 1821 1086 pro

288 1099 404 1138 dicto
425 1099 599 1138 domino
620 1098 753 1152 Rege,
777 1111 907 1151 quam
927 1097 1105 1150 praefato
1126 1097 1329 1148 Roberto,
1351 1098 1443 1137 dies
1475 1111 1615 1137 coram
1646 1098 1766 1151 Rege
1797 1110 1822 1136 a

289 1162 359 1202 die
382 1162 549 1202 Sanctae
571 1162 796 1201 Trinitatis
818 1162 865 1200 in
894 1175 948 1201 xv
970 1162 1062 1200 dies
1093 1161 1354 1214 ubicumque
1386 1165 1468 1201 etc.
1500 1162 1555 1201 ad
1576 1161 1821 1200 faciendum

289 1229 335 1265 et
364 1226 660 1279 recipiendum
691 1226 804 1278 quod
827 1225 952 1266 Curia
984 1225 1116 1278 Regis
1149 1226 1481 1265 consideraverit
1510 1226 1557 1264 in
1577 1225 1821 1278 praemissis.

290 1289 347 1329 Et
377 1293 640 1342 praeceptum
673 1293 738 1329 est
769 1290 1024 1328 Vicecomiti
1046 1289 1172 1328 Ebor.
1204 1289 1317 1342 quod
1340 1289 1486 1329 venire
1517 1288 1646 1328 faciat
1677 1302 1821 1328 coram

290 1353 408 1406 Rege
429 1354 482 1392 ad
504 1354 620 1393 diem
648 1353 903 1406 praedictum
924 1353 1082 1406 viginti
1115 1356 1156 1392 et
1189 1356 1373 1405 quatuor
1404 1352 1555 1405 probos
1588 1356 1632 1392 et
1659 1352 1818 1406 legales
1857 1402 1860 1406 Ι

289 1415 486 1456 homines
527 1417 579 1456 de
616 1417 771 1456 visinia
803 1417 855 1456 de
887 1415 1056 1468 Ripon’,
1090 1417 1164 1468 qui
1197 1430 1275 1455 1100
1308 1416 1536 1469 praefatum
1569 1416 1706 1455 David
1739 1429 1819 1455 nec

289 1480 543 1532 praedictum
575 1479 814 1519 Robertum
846 1480 1224 1533 consanguinitate
1255 1479 1324 1518 vel
1354 1479 1563 1518 affinitate
1585 1479 1821 1532 attingant,

290 1543 345 1582 ad
367 1544 757 1598 recognoscendum
782 1557 908 1596 super
931 1546 1246 1582 sacramentum
1269 1556 1394 1582 suum
1426 1544 1461 1582 si
1482 1543 1672 1594 decimae,
1704 1543 1821 1582 obla-

290 1607 448 1657 cioneS,
472 1621 547 1646 seu
571 1607 810 1660 spiritualia
831 1607 974 1659 aliqua
1005 1607 1057 1645 ad
1079 1605 1291 1659 hospitale
1322 1607 1576 1659 praedictum
1597 1607 1821 1659 pertinent

291 1672 404 1710 sicut
424 1673 653 1724 praedictus
685 1672 823 1711 David
854 1671 974 1721 dicit,
1007 1671 1075 1710 vel
1105 1685 1206 1721 non,
1237 1671 1348 1710 sicut
1379 1670 1583 1723 praefatus
1606 1671 1820 1710 Robertus

290 1734 411 1784 dicit,
458 1735 558 1787 quia
599 1738 689 1774 tam
735 1735 965 1787 praedictus
1017 1734 1155 1774 David
1191 1748 1320 1787 quam
1360 1734 1563 1787 praefatus
1605 1734 1820 1774 Robertus

290 1802 529 1850 posuerunt
563 1811 606 1838 se
647 1812 774 1851 super
804 1798 994 1851 juratam
1031 1798 1164 1837 illam.
1227 1799 1284 1838 Et
1317 1799 1457 1849 modo,
1494 1797 1659 1838 scilicet
1693 1811 1718 1837 a
1750 1798 1820 1837 die

292 1861 458 1901 Sanctae
480 1863 703 1902 Trinitatis
724 1863 768 1901 in
791 1876 843 1901 xv
865 1863 956 1902 dies
979 1861 1058 1901 1100
1079 1876 1191 1901 anno
1212 1876 1353 1902 coram
1374 1863 1546 1902 domino
1567 1862 1686 1916 Rege
1707 1862 1821 1915 apud

290 1925 725 1965 westmonasterium
747 1926 867 1965 venit
887 1931 977 1965 tam
1008 1926 1237 1978 praedictus
1259 1926 1411 1976 David,
1433 1926 1507 1978 qui
1530 1926 1724 1979 sequitur
1744 1939 1821 1978 pro

291 1987 464 2027 domino
479 1989 609 2042 Rege,
619 2002 747 2041 quam
760 1989 986 2042 praedictus
1005 1989 1217 2028 Robertus
1231 1989 1284 2028 de
1300 1988 1499 2041 Otteleye
1513 2002 1589 2041 per
1603 1989 1820 2042 Rogerum

291 2051 343 2090 de
367 2050 591 2091 Shirburn'
607 2056 874 2092 attornatum
892 2066 1031 2092 suum.
1064 2052 1121 2091 Et
1134 2053 1381 2092 Vicecomes
1398 2053 1634 2092 retornavit
1647 2053 1821 2091 nomina

286 2113 530 2167 juratorum
563 2117 636 2168 qui
668 2116 794 2155 modo
822 2130 907 2155 non
934 2119 1163 2164 venerunt,
1185 2130 1259 2168 per
1281 2117 1394 2169 quod
1409 2116 1558 2170 jurata
1577 2116 1753 2169 ponitur
1773 2117 1819 2155 in

291 2179 611 2231 responsionem
645 2192 780 2232 usque
817 2193 841 2219 a
877 2180 945 2219 die
984 2179 1130 2219 Sancti
1165 2179 1390 2219 Michaelis
1422 2181 1468 2219 in
1504 2193 1557 2219 xv
1590 2180 1681 2219 dies
1722 2179 1819 2219 ubi-

291 2256 476 2296 cumque
499 2247 594 2294 etc.,
617 2245 699 2283 nisi
722 2244 967 2284 willelmus
990 2244 1142 2284 Basset
1173 2247 1218 2283 et
1249 2243 1432 2284 Thomas
1463 2245 1516 2284 de
1547 2244 1818 2297 Heppescote

291 2306 358 2345 vel
381 2320 529 2346 eorum
550 2307 659 2347 alter
675 2309 795 2360 prius
816 2308 929 2361 apud
944 2308 1069 2347 Ebor.
1086 2308 1156 2348 die
1172 2308 1325 2347 Martis
1341 2308 1532 2360 proxima
1543 2311 1644 2348 ante
1657 2307 1818 2347 festum

291 2368 439 2408 Sancti
464 2371 612 2410 Jacobi
641 2371 836 2424 Apostoli
857 2372 1056 2411 venerint
1077 2371 1145 2410 vel
1166 2371 1335 2410 venerit
1360 2385 1435 2424 per
1463 2371 1681 2411 defectum
1697 2371 1818 2424 jura-

288 2436 432 2471 torum
454 2435 554 2486 quia
575 2435 720 2473 nullus
744 2439 825 2474 etc.
887 2435 990 2474 Ideo
1011 2435 1240 2474 vicecomes
1262 2433 1420 2474 habeat
1435 2448 1608 2487 corpora
1623 2436 1818 2474 omnium

281 2495 526 2547 juratorum
548 2511 688 2536 coram
711 2497 829 2551 Rege
860 2498 913 2537 ad
944 2497 1170 2550 praefatum
1201 2498 1434 2537 terminum
1468 2501 1548 2537 etc.
1580 2498 1648 2537 vel
1677 2511 1817 2537 coram

288 2559 474 2611 praefatis
497 2560 714 2599 Willelmo
735 2561 887 2600 Basset
917 2564 961 2600 ct
992 2560 1155 2600 Thoma
1185 2561 1238 2600 de
1273 2561 1539 2614 Heppescote
1571 2560 1639 2600 vel
1671 2574 1817 2600 eorum

287 2622 424 2662 altero
457 2624 491 2662 si
514 2625 632 2676 prius
654 2627 735 2663 etc,
798 2625 855 2663 Et
875 2628 1029 2676 przeter
1061 2624 1156 2664 illos
1179 2625 1427 2664 vicecomes
1458 2627 1644 2677 apponat
1674 2627 1741 2663 tot
1771 2627 1817 2664 et

288 2685 412 2735 tales,
435 2690 516 2725 etc.

375 2750 441 2788 Ad
464 2763 592 2802 quem
613 2750 726 2789 diem
754 2754 965 2789 venerunt
990 2754 1080 2790 tam
1101 2751 1330 2804 praedictus
1353 2750 1503 2801 David,
1525 2750 1599 2802 qui
1622 2750 1816 2803 sequitur

288 2824 362 2863 pro
403 2813 575 2853 domino
619 2813 735 2866 Rege
779 2816 822 2853 et
865 2827 907 2852 se
946 2814 1050 2865 ipso,
1085 2828 1212 2866 quam
1246 2814 1474 2867 praedictus
1507 2813 1719 2853 Robertus
1761 2814 1814 2853 de

288 2875 485 2927 Utteleye
510 2890 583 2927 per
605 2875 814 2915 Thomam
836 2876 889 2915 (le
913 2876 1099 2928 XVylton'
1120 2881 1385 2916 attornatum
1409 2890 1548 2916 suum.
1611 2876 1667 2916 Et
1690 2877 1815 2916 Vice-
