1915 3068
81 931 147 960 The
157 932 234 970 jury

81 981 179 1000 cross-

81 1009 252 1039 examined

82 1049 125 1087 by
147 1050 201 1077 the

77 1089 202 1126 judges.

84 1315 280 1353 Inquisition

84 1358 116 1383 nt
132 1355 228 1389 York,

81 1402 150 1423 ΛΑ).
166 1395 255 1423 1106.

795 182 1069 215 MEMORIALS
1105 183 1162 215 OF
1199 183 1357 216 RIPON.

315 292 431 332 nicos
463 293 528 333 vel
560 293 747 347 aliquem
781 308 928 333 eorum
961 295 1027 334 vel
1064 297 1264 334 tenentes
1301 294 1502 345 ecclesiae,
1534 294 1600 334 vel
1632 307 1707 348 pro
1738 293 1841 348 ipsis

313 357 535 407 interesse,
577 362 789 397 motorum
829 359 875 397 in
928 358 1271 411 quibuscumque
1313 359 1456 409 curiis,
1502 359 1556 398 ad
1595 358 1840 399 faciendum

309 419 532 474 justiciam
564 422 757 475 partibus
788 422 841 462 ad
872 423 1032 461 ostium
1065 422 1253 462 ecclesiae
1287 422 1438 475 Rypon
1472 436 1612 462 coram
1641 423 1842 462 canonico

315 484 508 537 ejusdem
534 485 602 524 vel
630 486 773 538 aliquo
803 486 979 526 nomine
1008 486 1143 538 ipsius
1174 486 1353 539 capituli
1384 486 1605 539 deputato,
1627 486 1678 526 de
1705 487 1843 525 omni-

314 548 395 588 bus
428 548 596 588 casibus
624 552 668 588 et
698 549 891 602 judiciis,
919 550 1029 588 sicut
1055 548 1286 602 justiciarii
1319 549 1482 589 domini
1514 549 1645 604 Regis
1677 549 1843 589 faciunt

314 612 361 651 in
383 612 609 652 itineribus
632 613 733 662 suis,
757 617 802 652 et
830 612 987 665 placita
1008 613 1061 652 de
1088 612 1214 653 frisca
1238 613 1368 653 forcia
1390 617 1434 653 et
1455 614 1590 653 vetito
1614 613 1771 663 namio,
1798 616 1842 652 et

313 675 618 728 inquisiciones
652 676 705 715 de
733 675 887 715 felonis
919 679 961 715 et
993 676 1184 726 roberiis,
1216 680 1259 716 et
1289 680 1470 716 turnum
1495 676 1773 725 vicecomitis,
1799 679 1843 715 et.

315 739 458 778 omnia
490 753 585 792 quae
621 740 674 779 ad
710 740 1008 779 vicecomitem
1050 741 1284 792 pertinent,
1320 744 1365 780 et
1401 740 1579 793 plenum
1615 743 1842 779 returnum

315 816 442 841 suum
471 803 665 841 omnium
697 803 893 843 brevium
924 803 1088 843 domini
1120 804 1266 858 Regis,
1289 808 1333 844 et
1364 805 1664 844 execucionem
1696 817 1843 843 eorum

312 879 388 918 per
408 866 586 905 ballivos
609 880 718 906 suos.

402 930 638 983 Requaesiti
668 944 743 983 per
769 929 1032 984 justiciarios
1064 945 1139 984 per
1176 932 1280 984 quid
1313 932 1455 971 sciunt
1487 930 1576 971 haeo
1607 931 1751 970 omnia
1782 930 1844 970 ita

313 1006 522 1046 expresse,
539 993 753 1047 juratores
774 995 925 1034 dicunt
949 1008 1074 1047 super
1098 999 1412 1034 sacramentum
1436 1009 1562 1034 suum
1587 995 1701 1047 quod
1732 1008 1844 1033 nun-

313 1070 443 1110 quam
465 1057 668 1096 v’iderunt
696 1058 856 1097 dictam
886 1058 1107 1098 ecclesiam
1140 1062 1184 1098 et
1214 1059 1454 1111 capitulum
1476 1059 1729 1112 praedictum
1752 1071 1843 1097 esse

314 1124 433 1159 extra
470 1121 671 1160 seisinam
708 1121 760 1161 de
798 1122 1013 1174 praedictis
1053 1122 1338 1171 libertatibus,
1377 1126 1422 1162 et
1458 1122 1656 1162 similiter
1697 1134 1844 1160 omnes

314 1183 536 1224 libertates
558 1185 770 1237 praedictae
796 1199 871 1238 per
896 1186 1224 1238 inquisicionem
1247 1185 1405 1225 factam
1426 1186 1541 1239 apud
1563 1185 1752 1224 Eborum
1774 1185 1843 1224 die

314 1248 468 1287 Martis
489 1249 681 1301 proxima
712 1253 809 1301 post
829 1248 991 1288 festum
1013 1249 1323 1289 Translacionis
1353 1250 1506 1291 Sancte
1529 1248 1634 1304 (sic)
1655 1248 1844 1298 Thomae,

315 1325 427 1351 anno
448 1304 623 1351 Domini
645 1312 876 1352 millesimo
897 1317 971 1352 0¹³⁰
988 1311 1076 1366 vj‘0,
1093 1314 1215 1368 regni
1238 1315 1351 1368 regis
1372 1314 1551 1354 Henrici
1572 1313 1716 1352 fratris
1737 1312 1846 1350 Wil-

315 1375 436 1415 lelmi
466 1375 546 1414 filii
578 1374 889 1428 Conquaestoris
922 1380 1053 1426 sexto,
1079 1391 1218 1416 coram
1241 1378 1449 1430 Episcopo
1479 1376 1770 1417 Lincolniensi
1801 1379 1847 1415 et

315 1439 410 1478 aliis
437 1438 689 1492 justiciariis
715 1454 766 1479 ex
794 1443 1004 1492 praecepto
1035 1440 1169 1492 ipsius
1191 1441 1354 1480 domini
1376 1441 1507 1495 Regis
1528 1440 1770 1494 assignatis,
1791 1439 1845 1478 ad

315 1503 572 1542 instanciam
594 1501 900 1556 archiepiscopi
918 1503 1207 1554 Ebmacensis,
1225 1505 1374 1544 decani
1392 1508 1436 1544 et
1457 1503 1636 1557 capituli
1658 1503 1846 1543 ecclesiae

316 1566 433 1607 beati
454 1567 574 1606 Petri
596 1567 888 1617 Eboracensis,
907 1571 952 1606 et
969 1567 1148 1620 capituli
1170 1568 1285 1607 beati
1299 1568 1488 1608 Wilfridi
1506 1568 1671 1620 Rypon,
1688 1565 1844 1606 habere

318 1644 466 1670 omnes
488 1630 709 1670 libertates
731 1634 772 1669 et
795 1631 1129 1670 consuetudines
1151 1633 1388 1684 praedictas,
1411 1636 1454 1672 et
1477 1632 1675 1671 similiter
1704 1631 1847 1670 sciunt

318 1694 400 1733 ista
423 1708 513 1733 esse
532 1707 628 1734 vera
645 1708 719 1747 per
736 1692 830 1743 hoc,
845 1695 957 1747 quod
972 1708 1046 1747 per
1062 1694 1240 1749 longum
1254 1699 1428 1748 tenipus
1444 1699 1539 1748 post
1552 1697 1845 1748 conquaestum

319 1771 448 1797 usum
480 1757 565 1797 fuit
596 1758 695 1797 dare
730 1757 850 1797 villas
877 1758 1132 1811 justiciariis
1155 1758 1243 1799 fere
1274 1760 1319 1798 in
1351 1760 1550 1799 omnibus
1581 1759 1748 1798 casibus
1770 1758 1846 1797 ubi

319 1833 434 1859 nunc
457 1824 555 1859 sunt
579 1824 620 1859 et
644 1824 765 1871 tunc,
786 1835 865 1861 nec
891 1835 1083 1874 unquam
1115 1826 1217 1862 ante
1248 1823 1395 1862 nullus
1417 1824 1652 1862 vicecomes
1682 1821 1846 1874 aliquid

317 1883 420 1923 fecit
450 1884 503 1923 ad
536 1885 835 1924 execucionem
866 1884 1117 1938 hujusmodi
1154 1900 1253 1925 cum
1289 1887 1535 1937 acciderint,
1569 1886 1641 1926 sed
1671 1888 1845 1924 tantum

319 1947 466 1987 ballivi
496 1948 631 2000 ipsius
653 1949 832 2001 capituli
855 1953 952 2002 post
982 1949 1146 2002 aliquid
1169 1964 1212 1990 se
1244 1951 1297 1990 de
1329 1951 1602 1990 libertatibus
1632 1949 1847 2002 praedictis

318 2011 685 2063 interposuerunt,
703 2013 787 2051 nisi
796 2012 889 2065 jam
906 2013 959 2052 de
976 2027 1098 2063 novo,
1115 2002 1216 2066 quia
1232 2014 1379 2054 ballivi
1393 2015 1527 2067 ipsius
1543 2012 1847 2065 archiepiscopi

320 2088 396 2127 per
412 2075 742 2127 usurpacionem
760 2077 1014 2129 inceperunt
1039 2078 1192 2130 exequi
1214 2076 1462 2131 hujusmodi
1479 2077 1695 2126 mandata,
1710 2079 1754 2115 et
1768 2075 1847 2114 hoc

321 2152 397 2190 per
427 2139 643 2177 modicum
672 2143 845 2192 tempus
876 2144 976 2179 ante
1009 2154 1148 2188 nunc3
1181 2145 1225 2180 et
1247 2142 1338 2194 ipsa
1371 2142 1562 2191 ecclesia,
1593 2140 1848 2193 capitulum,

321 2201 528 2251 canonici,
561 2205 605 2241 et·
642 2201 838 2242 homines
871 2203 951 2252 sui,
980 2206 1021 2241 et
1056 2203 1149 2257 ligii
1181 2203 1378 2244 homines
1411 2205 1556 2244 Sancti
1588 2203 1791 2253 Wssfridi,
1824 2217 1849 2242 a

321 2268 516 2318 tempore
535 2266 665 2320 Regis
688 2267 922 2306 Attelstani
946 2281 1081 2320 usque
1103 2281 1233 2317 nunc,
1250 2273 1348 2308 sunt
1374 2272 1414 2308 et
1438 2268 1612 2308 fuerunt
1636 2268 1772 2321 quieti
1795 2268 1848 2306 de

322 2327 395 2379 tol,
413 2330 628 2383 pontagio,
641 2331 834 2384 pavagio,
845 2332 1052 2384 passagio,
1071 2329 1307 2383 tkzwgyholt,
1325 2332 1532 2387 pedagi0,¹
1552 2334 1596 2371 et
1612 2331 1706 2371 aliis
1719 2345 1848 2384 praes-

322 2393 562 2433 tacionibus
584 2394 945 2447 quibuscumque,
963 2409 1037 2447 per
1059 2400 1217 2435 terram
1241 2400 1285 2435 et
1306 2410 1381 2449 per
1397 2410 1567 2449 aquam,
1583 2396 1629 2434 in
1651 2395 1848 2435 mercatis

323 2459 368 2495 et
390 2455 521 2507 feriis,
536 2471 611 2510 per
624 2461 759 2496 totam
778 2462 1035 2510 potestatem
1053 2460 1215 2498 domini
1233 2460 1378 2513 Regis,
1395 2460 1498 2499 dum
1512 2463 1657 2499 tamen
1677 2459 1848 2513 signum

323 2519 501 2572 capituli
530 2519 772 2559 habuerunt
803 2522 916 2574 quod
950 2525 1047 2561 sunt
1079 2523 1131 2561 de
1161 2522 1371 2577 ligeancia
1401 2523 1545 2563 Sancti
1577 2522 1780 2571 Wilfridi,
1806 2526 1850 2562 et

324 2597 471 2621 omnes
512 2582 706 2623 homines
750 2589 852 2624 sunt
894 2583 1142 2638 hujusmodi
1184 2587 1383 2626 credendi
1425 2587 1477 2626 de
1520 2600 1618 2626 vero
1660 2590 1705 2625 et
1745 2585 1850 2625 falso

326 2647 506 2695 dicend’,
529 2647 745 2700 proband',
769 2648 833 2687 vel
867 2648 1166 2700 defendendu',
1189 2664 1264 2703 per
1290 2664 1415 2690 suum
1447 2663 1511 2690 ‘na
1541 2653 1586 2689 etv
1616 2664 1691 2702 per
1723 2664 1849 2689 suum

326 2723 399 2761 ya,
434 2724 508 2762 pro
539 2711 728 2763 qualibet
764 2725 823 2760 re,
847 2712 973 2750 salvis
1004 2713 1145 2751 assisis
1176 2717 1299 2753 terrae
1329 2714 1381 2753 de
1414 2713 1676 2753 tenementis
1709 2716 1754 2753 et
1784 2714 1850 2752 in-

326 2774 632 2825 quisit-ionibus
658 2775 710 2814 de
740 2775 828 2814 vita
862 2780 905 2814 et
940 2776 1157 2826 membris,
1186 2781 1226 2816 et
1265 2778 1466 2830 praedicta
1502 2781 1615 2816 terra
1648 2781 1691 2816 et
1728 2776 1850 2816 feoda

398 2860 453 2895 (1)
483 2859 623 2901 Ι)ε(]ἢς,νο
658 2860 687 2893 is
723 2873 741 2894 a
776 2866 945 2906 payment
979 2860 1032 2895 sor
1062 2862 1174 2907 safely
1208 2863 1350 2907 passing
1390 2862 1544 2907 through
1581 2874 1648 2909 any
1684 2863 1848 2907 district3

326 2911 503 2954 lhuryhnjr
522 2924 633 2946 seems
653 2916 687 2946 to
706 2912 748 2947 be
768 2913 966 2958 something
985 2913 1023 2947 os
1047 2914 1105 2948 [hc
1124 2926 1217 2948 same
1235 2914 1332 2957 kind,
1351 2915 1585 2959 tlarouylz-toll.
