1935 3151
539 168 765 202 ORIGINAL
801 167 1088 201 DOCUMENTS.

139 279 355 322 Romaim
378 280 428 335 of
455 280 544 322 scal
566 280 615 335 of
641 280 719 321 red
740 293 839 321 wax
871 278 1071 333 showing]
1102 293 1130 320 a
1151 277 1344 332 flowinq
1375 275 1578 319 chasuble

48 345 143 387 and
160 344 276 400 pall,
298 343 393 385 still
414 344 616 386 attached
639 349 680 386 to
702 359 731 386 a
752 344 843 400 slz'p
867 343 917 398 of
934 343 1003 385 the
1018 342 1300 399 parchment.

137 408 461 450 Endorsemem
494 441 504 450 .
540 440 549 449 .
584 440 593 450 .
629 441 637 449 .
672 411 903 465 ingruente
938 439 947 449 .
983 439 992 449 .
1028 439 1037 448 .
1101 409 1149 448 A.
1173 408 1243 449 36.

471 524 600 558 CXCI.
636 523 823 557 LITERA
859 522 1151 558 MONITORIA.

500 587 640 631 (mez
665 587 759 620 ΑΕΒ.
786 586 936 621 Su'fflw.
962 598 995 632 p.
1026 587 1120 630 123.)

137 652 335 704 Thomas,
367 653 447 693 Dei
480 654 619 707 gracia
651 653 777 693 Ebor.
810 652 1177 706 Archiepiscopus,
1199 651 1366 706 Angliae
1398 651 1578 701 primas,

49 719 217 758 dilectis
239 719 283 757 in
307 717 475 758 Christo
496 718 595 757 filiis
619 717 817 771 Capitulo
838 721 982 757 nostro
1012 717 1168 757 Suwell
1198 716 1265 756 vel
1289 730 1413 756 suum
1437 716 1578 755 locum

49 783 232 831 tenenti,
285 782 483 832 salutem,
526 783 726 836 graciam,
773 786 818 820 et
858 781 1218 821 benediccionem.
1280 781 1493 820 Moneatis
1535 783 1580 819 et

49 847 273 886 efficaciter
286 846 500 886 inducatis
516 847 576 886 M.
591 846 618 886 J
621 846 837 886 ohannem
855 845 907 885 de
926 845 1091 885 Ebroic'
1107 846 1359 885 canonicum
1373 848 1579 895 vestrum,

49 911 160 964 quod
182 910 350 950 dilectis
372 910 472 949 filiis
494 912 707 950 canonicis
739 911 896 949 nostris
926 909 1079 962 Ripon’
1107 910 1160 949 de
1192 909 1330 950 tribus
1359 909 1510 948 marcis
1537 912 1581 948 et

48 975 240 1025 dimidio,
274 975 319 1013 in
355 974 511 1028 quibus
547 988 623 1028 pro
658 974 839 1028 arrerag'
860 974 1039 1013 decimae
1072 974 1125 1013 ad
1152 973 1356 1013 fabricam
1394 972 1581 1012 ecclesiae

49 1038 202 1091 Ripon’
243 1039 439 1078 racione¹
472 1039 710 1092 praebendae
742 1052 871 1091 quam
914 1051 1052 1091 nuper
1092 1038 1138 1077 in
1180 1038 1331 1077 eadem
1363 1037 1582 1089 optinuit2

48 1104 274 1157 assignatae
295 1106 484 1153 tenetur,
507 1106 553 1143 et
581 1104 633 1143 de
665 1106 843 1142 centum
876 1102 1021 1142 solidis
1053 1103 1190 1141 eciam
1222 1102 1363 1141 eidem
1394 1100 1583 1156 capitulo

50 1168 218 1207 racione
240 1166 464 1220 cujusdam
487 1168 736 1207 vestimenti
760 1180 785 1206 a
805 1167 919 1206 dicta
950 1166 1128 1206 ecclesia
1148 1166 1353 1219 asportati
1375 1179 1452 1218 per
1484 1178 1583 1204 eum

49 1231 206 1271 debitis
229 1232 340 1270 sicut
360 1231 526 1280 dicunt,
549 1235 594 1271 et
615 1232 667 1271 de
689 1245 775 1271 una
795 1244 899 1283 capa
919 1231 965 1269 in
987 1244 1071 1283 qua
1091 1231 1232 1273 eidem
1253 1230 1441 1269 ecclesiae
1457 1229 1584 1283 juxta

48 1296 405 1336 consuetudinem
428 1295 622 1349 ejusdem
644 1299 833 1345 tenetur,
856 1294 967 1334 infra
987 1308 1181 1334 mensem
1203 1307 1227 1333 a
1248 1294 1317 1333 die
1332 1293 1584 1333 monicionis

47 1357 295 1413 hujusmodi
325 1360 404 1400 sibi
436 1359 558 1399 faetae
596 1359 827 1399 satisfaciat
858 1362 1165 1412 competenter,
1227 1358 1292 1397 Ad
1324 1358 1438 1410 quod
1469 1371 1584 1407 eum,

46 1424 215 1462 racione
230 1423 415 1477 praevia,³
423 1437 730 1476 percensuram
745 1423 1076 1462 ecclesiasticam
1089 1422 1290 1461 canonice
1303 1421 1585 1475 compellatis,

46 1488 128 1526 nisi
150 1487 313 1540 aliquid
334 1487 587 1527 canonicum
611 1501 686 1526 seu
707 1486 963 1527 racionabile
993 1500 1069 1540 pro
1091 1499 1134 1526 se
1156 1486 1423 1539 proposuerit
1444 1499 1585 1525 coram

47 1551 164 1591 vobis
186 1565 315 1604 quare
332 1551 533 1604 compelli
554 1564 639 1591 non
661 1551 817 1591 debeat
837 1551 891 1591 ad
913 1550 1145 1604 praemissa.
1208 1549 1345 1603 Super
1359 1563 1456 1602 qUO‚
1471 1552 1515 1589 et
1528 1549 1582 1589 de

47 1615 116 1655 die
139 1616 272 1655 eciam
294 1615 555 1668 recepcionis
576 1615 874 1668 praesencium,
897 1618 941 1654 et
969 1615 1200 1667 quicquam
1221 1613 1412 1653 feceritis
1434 1614 1479 1652 in
1502 1612 1582 1652 hac

48 1683 182 1732 parte,
215 1682 373 1719 extunc
405 1693 480 1732 per
508 1682 669 1718 vestras
700 1678 847 1718 literas
879 1677 1032 1717 harum
1063 1678 1339 1717 continentes
1370 1680 1582 1727 tenorem,

47 1743 250 1783 distincte
292 1747 338 1783 et
377 1746 523 1797 aperte
562 1743 772 1782 studeatis
808 1742 985 1782 reddere
1019 1742 1235 1792 certiores,
1272 1744 1324 1781 ut
1358 1754 1435 1780 nos
1469 1740 1582 1794 quod

42 1806 228 1861 justiciae
254 1808 481 1847 convenire
504 1807 737 1846 viderimus
769 1805 965 1856 ulterius,
989 1806 1023 1845 si
1045 1819 1151 1858 opus
1172 1804 1318 1855 fuerit,
1340 1805 1384 1843 in
1407 1804 1583 1857 praefato

47 1872 223 1926 negocio
237 1871 455 1911 faciamus.
497 1870 664 1911 Valete.
699 1870 797 1910 Dat.
814 1870 927 1924 apud
942 1868 1186 1909 Munketon
1206 1868 1251 1923 iij
1276 1869 1387 1909 Non.
1412 1868 1583 1909 Octobr.

46 1935 320 1987 pontificatus
341 1935 476 1975 nostri
496 1948 608 1975 anno
630 1934 827 1975 secundo.

47 2051 195 2086 CXCII.
237 2052 412 2087 GARTA
446 2052 513 2085 DE
547 2051 841 2086 DIMISSIONE
875 2050 1132 2085 OULTURAE
1168 2050 1235 2083 DE
1276 2049 1585 2084 BLAKEMAN-

117 2110 301 2144 TOFTES
335 2109 444 2144 CUM
477 2110 718 2145 PASTURA
752 2109 854 2145 DEL
888 2108 1155 2144 STRANDES
1186 2108 1236 2143 IN
1274 2108 1583 2143 TERRITORIO

117 2169 185 2203 DE
218 2168 395 2204 RIPON'.

213 2249 322 2294 (ΒΕΘ.
342 2248 578 2292 Conamen,
596 2248 642 2283 fo.
663 2249 709 2283 95
727 2261 760 2284 v.
811 2248 996 2283 Binum
1013 2247 1420 2292 ARcmsmscorAws.)

137 2314 346 2354 Omnibus
382 2313 462 2353 hoc
497 2315 705 2368 scriptum
739 2314 892 2354 visuris
929 2314 996 2354 vel
1022 2314 1246 2363 audituris,
1281 2311 1478 2364 Thomas,
1500 2313 1580 2354 Dei

48 2379 190 2431 gracia
210 2378 336 2418 Ebor.
354 2377 722 2431 Archiepiscopus,
737 2378 903 2432 Angliae
921 2378 1100 2427 Primas,
1119 2377 1304 2417 salutem
1317 2378 1363 2416 in
1379 2377 1577 2417 Domino.

49 2441 227 2482 Noverit
268 2443 524 2482 universitas
565 2447 707 2482 vestra
747 2456 823 2482 nos
869 2442 1124 2482 concessisse
1169 2445 1213 2481 et
1256 2442 1309 2481 ad
1342 2442 1576 2481 terminum

49 2506 202 2560 viginti
233 2519 443 2546 annorum
479 2507 690 2546 dimisisse
731 2506 904 2546 domino
946 2505 1133 2546 Roberto
1174 2505 1226 2545 de
1259 2504 1500 2545 Nunnewik
1533 2510 1578 2545 et

49 2568 286 2610 haeredibus
323 2571 424 2620 suis,
461 2573 598 2610 totam
632 2570 843 2610 culturam
880 2575 1081 2620 nostram,
1119 2584 1218 2609 cum
1252 2569 1450 2609 omnibus
1482 2583 1577 2622 per-

49 2634 250 2673 tinenciis
282 2635 384 2684 suis,
406 2635 452 2673 in
483 2635 702 2674 territorio
733 2635 785 2674 de
818 2634 985 2687 Ripon’,
1007 2648 1102 2687 quae
1124 2640 1298 2673 vocatur
1320 2632 1577 2672 Blakeman-

123 2708 178 2749 (1)
206 2707 339 2753 Copied
358 2710 367 2726 ‘
381 2707 546 2742 accione.’
594 2708 670 2742 The
689 2707 837 2753 original
856 2711 987 2742 cannot
1003 2711 1042 2741 at
1058 2711 1196 2752 present
1214 2706 1256 2741 be
1274 2705 1470 2740 consulted.

50 2760 181 2844 RWOE}
206 2760 263 2846 Η1θ
290 2761 362 2795 had
387 2761 501 2806 lately
525 2760 689 2806 resigned
714 2761 770 2795 his
794 2761 876 2795 stall
899 2766 934 2794 at
954 2760 1074 2806 Ripon
1098 2759 1135 2793 in
1161 2759 1185 2793 J
1189 2759 1260 2805 uly,
1279 2759 1380 2793 1297.
1419 2758 1575 2792 Newark

105 2823 344 2906 u{mo-Reason
369 2864 474 2910 being
499 2865 589 2900 tried
614 2865 649 2900 in
680 2866 740 2900 the
767 2866 844 2899 first
870 2865 1041 2900 instance.
1093 2862 1226 2910 Copied
1254 2862 1410 2908 ‘prima,'
1427 2862 1576 2908 perhaps

50 2918 58 2934 ¹
73 2915 185 2960 priuia
201 2916 209 2926 ⁴
225 2916 279 2951 for
297 2919 305 2936 ‘
318 2918 474 2962 praevia.'

1717 155 1809 202 297

1613 670 1681 692 As).
1700 663 1784 692 1301.

1614 719 1813 756 Archbishop

1613 758 1787 795 Corbridge

1614 801 1647 826 to
1663 798 1717 826 the

1615 836 1754 874 Chapter
1769 836 1804 865 of

1616 876 1789 905 Southwell

1615 915 1805 951 concerning

1615 954 1699 984 John
1716 955 1749 983 of

1616 994 1758 1029 Evreux,

1616 1034 1680 1062 late
1695 1042 1796 1062 canon

1617 1073 1652 1101 of
1672 1072 1786 1110 Ripon.

1617 1882 1786 1918 Monkton,

1617 1922 1687 1952 Oct.
1702 1924 1730 1953 5.

1613 2344 1679 2366 ΑΛ).
1698 2337 1783 2366 1303.

1613 2392 1694 2429 Abp.
1709 2391 1783 2421 Cor-

1613 2431 1723 2467 bridge
1739 2434 1772 2460 to

1616 2470 1690 2499 Rob.
1705 2471 1744 2500 de

1612 2508 1782 2538 Nuuwick.
