1935 3151
547 156 774 192 ORIGINAL
810 155 1099 190 DOCUMENTS.

65 272 292 328 praefectus
312 271 358 311 in
380 270 603 312 custodem
624 283 699 324 per
714 269 987 319 eleccionem,
1000 282 1077 308 nec
1092 268 1282 309 ostendit
1298 268 1601 309 fundacionem

65 337 256 390 aliquam
286 335 392 376 dicti
421 334 645 389 hospitalis
676 347 751 388 per
782 346 911 388 quam
941 336 1144 387 appareat
1165 334 1308 387 ipsum
1330 333 1485 373 debere
1507 346 1602 374 esse

66 403 338 455 perpetuum.

156 466 210 505 In
241 465 364 518 cujus
396 465 458 504 rei
489 463 789 504 testimonium
821 462 1013 515 praedicti
1040 462 1176 501 Adam
1199 465 1243 502 et
1265 461 1478 502 Robertus
1500 460 1601 501 huic

68 530 310 570 visitacioni
350 531 395 569 et
435 528 663 581 compertis
706 526 846 581 sigilla
888 539 964 567 sua
1005 530 1311 580 apposuerunt.
1377 526 1475 567 Dat.
1518 526 1601 576 die,

69 607 195 644 anno,
217 596 261 634 et
282 593 373 634 1000
396 592 664 646 supradictis.

157 721 404 772 Edwardus,
425 721 507 761 Dei
538 719 683 775 gracia
714 719 806 759 Rex
827 719 994 774 Angliae
1027 722 1072 759 et
1104 720 1296 760 Franciae
1328 723 1373 760 et
1404 719 1602 760 dominus

69 787 302 836 Hiberniae‚
324 785 579 826 Vicecomiti
602 784 742 834 Ebor.‚
767 783 964 824 salutem.
1028 783 1135 824 Cum
1167 798 1241 838 per
1271 784 1417 824 literas
1439 787 1603 824 nostras

68 853 266 905 patentes
293 849 654 904 assignaverimus
686 847 866 888 dilectos
896 847 1019 887 nobis
1049 849 1309 902 magistrum
1334 848 1604 888 willelmum

69 916 122 955 de
144 913 396 969 Langeton’,
419 913 676 967 magistrum
698 912 834 952 Adam
856 912 909 952 de
931 912 1277 966 Twyselyngton,
1300 916 1345 952 et
1366 912 1604 952 Robertum

69 979 122 1019 de
151 976 434 1028 Middelham,
458 977 528 1017 vel
559 977 664 1016 duos
697 989 860 1026 eorum,
889 976 942 1016 ad
979 979 1142 1016 statum
1175 975 1399 1030 hospitalis
1438 976 1604 1016 Sanctae

70 1043 219 1083 Mariae
241 1041 510 1096 Magdalenae
532 1041 584 1081 de
616 1039 794 1094 Rypon',
817 1040 930 1093 quod
951 1040 1004 1080 de
1032 1040 1341 1094 temporalibus
1362 1039 1606 1094 Archiepis-

70 1110 247 1161 copatus
278 1107 405 1147 Ebor.
439 1105 630 1145 vacantis
668 1108 713 1145 et
747 1105 795 1144 in
836 1117 967 1144 manu
1001 1107 1147 1144 nostra
1183 1105 1409 1146 existentis
1443 1105 1605 1154 existit,

72 1170 451 1224 supervidendum,
473 1172 517 1209 et
548 1169 602 1209 ad
634 1168 873 1219 custodem,
895 1168 1046 1208 fratres
1070 1172 1114 1209 et
1136 1182 1295 1210 sorores
1316 1183 1365 1209 ac
1385 1169 1605 1209 ministros

71 1235 266 1289 ejusdem
295 1233 520 1287 hospitalis
551 1232 829 1284 visitandum,
856 1235 900 1273 et
932 1233 986 1272 ad
1022 1232 1331 1286 inquirendum
1361 1247 1436 1287 per
1472 1247 1607 1273 sacra-

72 1303 272 1340 mentum
293 1299 522 1352 proborum
544 1302 589 1338 et.
609 1297 814 1352 legalium
835 1295 1063 1336 hominum
1084 1297 1137 1338 de
1160 1298 1370 1338 comitatu
1386 1297 1606 1351 praedicto,

72 1367 162 1404 tam
193 1362 303 1403 infra
330 1363 551 1403 libertates
588 1375 717 1415 quam
752 1364 883 1411 extra,
915 1374 991 1414 per
1026 1375 1131 1414 quos
1165 1361 1229 1401 rei
1261 1362 1416 1402 veritas
1449 1361 1607 1401 melius

73 1428 170 1468 sciri
191 1428 364 1481 poterit,
380 1440 506 1480 super
528 1425 766 1466 defectibus
789 1424 1013 1478 hospitalis
1034 1425 1241 1478 praedicti,
1259 1439 1306 1465 ac
1329 1439 1457 1478 super
1478 1429 1607 1480 gestu

72 1492 274 1542 custodis,
296 1491 478 1532 fratrum
500 1494 545 1531 et
566 1503 757 1530 sororum
779 1489 1083 1542 praedictorum
1103 1489 1274 1542 plenius
1296 1490 1539 1539 veritatem,
1562 1492 1608 1529 et

73 1556 126 1596 ad
147 1556 343 1609 quaedam
364 1555 446 1595 alia
476 1555 523 1594 in
544 1555 682 1594 literis
704 1555 864 1594 nostris
886 1554 1101 1607 praedictis
1123 1556 1325 1593 contenta
1345 1553 1541 1593 facienda
1563 1556 1608 1594 et

74 1620 296 1674 explenda,
317 1624 444 1673 prout
466 1620 511 1659 in
533 1619 698 1659 eisdem
728 1618 867 1658 literis
898 1618 1070 1671 plenius
1102 1619 1364 1668 continetur,
1387 1618 1469 1658 tibi
1500 1631 1608 1671 prae-

74 1685 256 1738 cipimus
288 1684 401 1737 quod
433 1683 486 1723 ad
509 1686 677 1722 certum
708 1682 839 1732 diem,
861 1695 990 1734 quem
1019 1682 1153 1721 iidem
1174 1681 1432 1731 willelmus,
1455 1682 1606 1732 Adam,

76 1752 121 1789 et
162 1748 389 1806 Robertus,
423 1747 491 1786 vel
526 1747 611 1786 duo
649 1759 796 1786 eorum
833 1745 916 1785 tibi
950 1745 1055 1784 scire
1088 1744 1262 1796 facient,
1296 1746 1443 1785 venire
1480 1744 1608 1785 facies

74 1825 216 1852 00111111
248 1812 309 1851 eis
331 1810 398 1850 vel
429 1810 596 1850 duobus
629 1823 777 1849 eorum
809 1808 922 1862 apud
944 1807 1155 1862 hospitale
1177 1808 1445 1862 praedictum,
1466 1812 1534 1848 tot
1564 1811 1610 1848 et

74 1876 182 1916 tales
205 1876 356 1929 probos
379 1878 424 1915 et
444 1875 579 1929 legion
601 1873 797 1913 homines
819 1874 872 1913 de
888 1872 1044 1912 balliva
1058 1876 1146 1922 tua,
1161 1878 1250 1912 tam
1264 1873 1374 1913 infra
1387 1873 1608 1913 libertates

75 1954 204 1994 quam
247 1943 378 1989 extra,
415 1952 491 1992 per
527 1951 632 1992 quos
666 1938 729 1977 rei
770 1937 927 1977 veritas
961 1937 1006 1976 in
1040 1937 1272 1990 praemissis
1313 1936 1468 1977 melius
1512 1937 1609 1976 sciri

75 2005 236 2058 poterit
268 2007 312 2044 et
342 2003 518 2056 inquiri.
580 2002 638 2041 Et
669 2000 825 2041 habeas
856 2001 916 2041 ibi
947 1999 1026 2041 hoc
1057 2000 1197 2041 breve.
1259 2001 1386 2041 Teste
1417 2014 1486 2040 me
1517 2001 1609 2054 ipso

75 2068 189 2122 apud
209 2067 654 2116 XVestmonasteriunn
686 2079 740 2105 xv
771 2065 841 2105 die
875 2064 1154 2118 Septembris,
1177 2078 1289 2105 anno
1319 2065 1443 2119 regni
1473 2065 1610 2104 nostri

77 2132 244 2187 Angliae
266 2132 469 2172 vicesimo
491 2134 626 2181 sexto,
647 2130 769 2185 regni
791 2143 888 2169 vero
908 2129 1046 2170 nostri
1066 2128 1256 2169 Franciae
1277 2129 1589 2169 terciodecimo.

1306 2194 1550 2233 BURSTALL.

156 2260 365 2314 Magister
377 2260 514 2300 Adam
527 2259 580 2300 de
597 2257 903 2312 Twyslyngton
917 2260 962 2297 et
976 2257 1078 2297 socii
1099 2257 1166 2297 sui
1178 2270 1254 2310 per
1267 2257 1609 2296 commissionem

79 2324 242 2364 domini
282 2324 414 2378 Regis
449 2323 655 2377 assignati
695 2322 749 2362 ad
794 2321 1159 2375 supervidendum
1196 2324 1359 2360 statum
1389 2319 1610 2374 hospitalis

82 2387 246 2429 Sanctae
267 2389 415 2428 Mariae
436 2387 705 2441 Magdalenae
731 2387 784 2426 de
817 2384 995 2439 Rypon',
1022 2388 1066 2425 et
1097 2385 1150 2425 ad
1181 2385 1418 2436 custodem,
1443 2385 1611 2436 fratres,

82 2455 126 2492 et
163 2466 322 2492 sorores
355 2466 402 2492 30
439 2453 659 2491 ministros
694 2451 888 2504 ejusdem
924 2448 1148 2503 hospitalis
1181 2449 1457 2499 visitandum,
1487 2453 1531 2489 et
1559 2449 1611 2488 ad

82 2516 389 2569 inquirendum
425 2529 552 2569 super
587 2514 828 2555 defectibus
860 2513 1085 2566 hospitalis
1115 2513 1323 2566 praedicti,
1358 2513 1611 2553 Vicecomiti

83 2580 209 2620 Ebor.
233 2580 430 2620 salutem.
491 2580 556 2619 Ex
586 2582 707 2632 parte
727 2578 893 2618 domini
914 2577 1045 2631 Regis
1067 2577 1186 2617 vobis
1208 2578 1477 2626 mandamus,
1499 2576 1612 2629 quod

84 2645 229 2683 venire
250 2643 417 2683 faciatis
439 2657 579 2683 coram
600 2642 723 2682 nobis
745 2641 812 2681 vel
834 2641 999 2681 duobus
1031 2644 1227 2681 nostrum
1258 2641 1372 2694 apud
1403 2640 1614 2693 hospitale

85 2708 353 2760 praedictum,
373 2707 532 2761 viginti
554 2709 737 2760 quatuor
757 2705 908 2759 probos
930 2709 974 2745 et
994 2705 1129 2759 legios
1161 2704 1356 2744 homines
1385 2704 1437 2744 (10
1460 2704 1616 2744 balliva

86 2774 242 2820 vestra,
262 2774 352 2811 tam
383 2771 495 2810 infra
524 2770 748 2810 libertates
779 2783 907 2823 quam
941 2773 1074 2818 extra,
1108 2768 1348 2822 quemlibet
1383 2768 1461 2807 sub
1492 2781 1616 2821 poena

89 2833 236 2873 decem
258 2834 477 2884 librarum,
500 2834 569 2875 die
600 2833 735 2873 Lunae
766 2845 883 2886 prox.
916 2836 1013 2886 post
1046 2832 1227 2873 Octabas
1260 2832 1406 2872 Sancti
1437 2832 1618 2871 Martini

90 2911 205 2950 prox
237 2897 388 2948 futuri,
425 2912 500 2952 pro
536 2898 819 2951 inquisicione
860 2897 961 2937 inde
998 2896 1206 2946 facienda,
1240 2899 1282 2935 et
1315 2896 1410 2935 aliis
1442 2909 1536 2948 quse
1568 2909 1619 2935 ex

1738 143 1831 190 239

1638 723 1740 761 Royal
1758 723 1841 753 brief

1638 767 1670 792 to
1686 763 1739 792 the

1639 802 1750 831 slierirl'
1761 806 1793 831 to

1639 842 1698 871 call
1715 844 1785 870 wit-

1639 890 1752 911 nesses.

1645 2269 1796 2299 Commis-

1645 2309 1770 2339 sionem‘

1645 2350 1733 2377 order
1748 2352 1781 2376 to

1646 2389 1699 2417 the
1714 2386 1825 2415 sheriff

1647 2431 1678 2456 to
1693 2425 1835 2463 cmpnnel

1647 2476 1665 2495 n
1675 2466 1762 2504 jury.
