1935 3151
601 127 829 160 ORIGINAL
866 127 1155 160 DOCUMENTS.

108 253 218 290 creo,
252 243 297 280 et
329 240 513 291 stabilio,
551 254 679 280 unam
712 241 944 280 cantariam
982 243 1234 293 perpetuam
1270 240 1398 280 unius
1435 240 1641 293 capellani

110 305 323 345 saecularis
355 309 566 358 perpetuo
597 304 856 344 celebraturi
888 305 941 344 ad
972 304 1106 344 altare
1140 304 1307 345 Sanctae
1340 304 1566 344 Trinitatis
1598 305 1641 343 in

108 369 288 408 ecclesia
338 368 564 422 collegiata
614 369 667 408 de
710 368 862 422 Ripon’
892 369 1109 422 praedicta,
1147 382 1221 422 pro
1263 369 1388 419 bono,
1429 382 1643 422 prosperO,

108 432 310 486 felicique
344 437 461 473 statu
494 434 578 473 mei
611 433 715 473 dum
749 446 875 488 egero
907 434 951 472 in
980 432 1196 484 humanis,
1219 436 1263 473 ct
1285 447 1361 486 pro
1383 434 1527 473 anima
1547 446 1644 472 mea

108 501 336 550 postquam
359 501 470 537 sorte
492 500 771 551 consumptus
792 497 913 537 fuero
934 497 1134 548 naturali,
1156 511 1203 537 ac
1225 497 1449 537 animabus
1467 497 1645 537 Roberti

110 568 151 603 et
176 563 322 602 Elenae
343 565 572 615 parentum
594 575 804 610 meorum,
826 575 992 601 necnon
1024 561 1249 601 animabus
1281 561 1419 601 felicis
1450 561 1644 601 recorda-

108 627 241 667 cionis
273 627 299 668 J
303 625 483 667 ohannis
507 626 648 679 Kemp
681 630 725 666 et
748 626 954 666 Willehni
988 625 1142 675 Bothe,
1164 626 1380 679 quondam
1402 624 1646 679 Archiepis-

109 705 311 745 coporum
353 691 494 742 Ebor.‚
537 691 731 744 magistri
773 689 982 731 Johannis
1024 689 1231 730 Marshall
1273 704 1411 744 nuper
1452 690 1644 730 canonici

109 755 296 796 ecclesia>
338 754 662 808 metropoliticae
703 755 931 808 praedictae,
972 755 1244 795 dominorum
1285 754 1458 795 Thomae
1492 754 1645 804 Wiott,

109 820 228 860 Petri
270 820 476 873 VVynton,
518 817 693 859 Thomae
745 819 948 870 Banwell,
991 819 1322 872 capellanorum,
1365 823 1410 859 et
1451 818 1643 858 omnium

109 884 304 924 fidelium
356 883 675 933 defunctorum,
717 884 938 937 ipsamque
981 884 1217 924 cantariam
1269 887 1523 937 perpetuam
1567 882 1645 922 sub

108 948 312 988 vocabulo
334 947 507 1001 speciali
531 950 541 969 ‘
560 947 801 988 Cantariam
822 947 1023 1002 Magistri
1044 948 1070 989 J
1074 946 1254 988 ohannis
1278 947 1458 988 Sendale
1476 947 1485 962 ’
1506 947 1646 986 nomi-

109 1013 201 1052 nari
244 1012 338 1052 volo
381 1015 426 1051 et
467 1012 615 1051 ordino
657 1012 913 1065 nuncupari.
989 1011 1202 1052 Caeterum
1238 1012 1339 1065 quia
1375 1025 1450 1065 per
1491 1011 1646 1051 decen-

109 1077 219 1116 ciam
261 1076 491 1116 extrinseci
532 1074 708 1116 habitus
750 1089 919 1116 morum
960 1075 1182 1116 interdum
1224 1076 1349 1116 decor
1386 1076 1646 1115 intrinsecus

109 1140 372 1195 designatur,
403 1139 512 1190 volo,
545 1144 702 1190 statuo,
736 1144 780 1180 et
812 1140 975 1190 ordino,
1007 1140 1120 1193 quod
1142 1140 1372 1193 praedictus
1402 1139 1646 1193 capellanus

108 1205 309 1244 cantariae
330 1205 544 1258 praedictae
575 1205 741 1244 caeteris
771 1204 1001 1257 capellanis
1032 1204 1158 1244 dictae
1190 1204 1377 1244 ecclesiae
1408 1204 1461 1244 de
1493 1199 1647 1257 Ripon'

109 1270 320 1309 cantarias
352 1269 611 1310 habentibus
643 1273 688 1309 et
712 1269 1010 1309 obtinentibus
1032 1270 1078 1308 in
1099 1268 1252 1309 habitu
1274 1268 1579 1319 conformetur,
1601 1272 1647 1308 et

109 1333 223 1386 quod
265 1333 382 1373 idem
424 1333 670 1387 capellanus
711 1333 955 1382 matutinis,
991 1333 1147 1383 missis,
1186 1337 1231 1373 et
1264 1333 1452 1386 vesperis
1488 1333 1648 1386 princi-

109 1397 277 1451 palibus
297 1398 341 1437 in
365 1396 491 1437 choro
512 1396 637 1437 dictae
660 1396 848 1436 ecclesiae
866 1396 919 1436 de
937 1396 1092 1450 Ripon’
1112 1397 1391 1437 decantandis
1405 1397 1449 1436 in
1466 1396 1648 1450 singulis

107 1461 395 1515 dupplicibus,
417 1461 568 1501 diebus
600 1461 852 1512 Dominicis,
875 1465 920 1500 et
941 1475 1096 1501 novem
1118 1461 1357 1501 leccionum
1379 1460 1514 1512 festis,
1537 1464 1582 1501 et
1603 1461 1648 1500 in

109 1526 307 1566 omnibus
323 1525 665 1579 processionibus
686 1525 796 1565 inibi
818 1525 1052 1576 celebrans,
1073 1529 1267 1565 cessante
1289 1539 1417 1565 causa
1437 1525 1647 1580 legitima,

109 1594 312 1630 teneatur
352 1589 634 1643 personaliter
670 1590 893 1640 interesse,
928 1590 1124 1644 legendo,
1159 1590 1384 1640 cantando,
1418 1590 1649 1643 psalmoni-

109 1654 256 1705 zaudo,
278 1658 406 1708 prout
437 1654 643 1694 condecet
675 1658 780 1693 tunc
811 1654 986 1694 ibidem.
1049 1654 1155 1694 Volo
1176 1654 1353 1707 insuper
1385 1658 1430 1693 et
1452 1668 1647 1707 expresse

109 1719 259 1758 ordino
290 1719 402 1772 quod
434 1718 548 1758 idem
579 1718 823 1771 capellanus
845 1718 962 1758 dicat
994 1718 1174 1772 singulis
1195 1718 1362 1768 diebus,
1385 1719 1418 1757 si
1440 1718 1648 1771 probabili

109 1783 422 1836 impedimento
455 1783 634 1822 minime
667 1786 908 1833 excusetur,
939 1783 1191 1833 matutinas,
1220 1783 1384 1832 missas,
1419 1788 1463 1822 et
1499 1796 1648 1822 omnes

109 1847 233 1887 horas
265 1847 487 1887 canonicas
519 1846 572 1887 de
604 1847 687 1897 die,
716 1860 882 1886 necnon
916 1847 1092 1887 servicia
1123 1847 1266 1887 Beatae
1298 1847 1446 1886 Mariae
1468 1850 1511 1886 et
1531 1846 1648 1886 Mor-

110 1915 284 1951 tuorum
316 1911 553 1951 secundum
585 1911 775 1950 ordinale
807 1914 851 1950 et
880 1925 1007 1951 usum
1029 1911 1155 1951 dictae
1177 1911 1366 1951 ecclesiae
1398 1911 1524 1950 Ebor.
1547 1924 1645 1950 cum

109 1976 303 2017 oracione
345 1975 658 2028 ‘Omnipotens
701 1976 962 2028 sempiterne
1006 1975 1135 2026 Deus,
1179 1975 1256 2016 Cui
1298 1989 1520 2028 nunquam
1556 1975 1646 2014 sine

1784 115 1874 160 160

1682 317 1777 345 Altus
1792 317 1826 344 of

1679 356 1732 384 thc
1752 356 1837 393 lloly

1678 396 1820 433 Trinity.

1680 509 1740 538 For
1757 509 1809 538 the

1679 549 1763 577 souls
1780 549 1813 577 os
1831 548 1879 577 his

1680 591 1806 656 ραὸθηὲε

1680 637 1717 656 an
1756 637 1774 656 ο

1680 667 1778 695 Arch-

1681 706 1807 743 bishops

1681 745 1783 782 Kemp
1799 745 1860 773 and

1682 785 1780 813 Bothe
1797 785 1858 813 and

1680 825 1795 853 othere.

1683 952 1838 987 Designa-

1681 993 1759 1022 tion.

1682 1280 1867 1318 Chaplain's

1681 1320 1770 1350 habit
1786 1321 1848 1349 and

1683 1360 1786 1389 duties
1802 1360 1836 1389 in

1683 1399 1781 1428 choir.

1685 1666 1796 1694 Duties
1812 1675 1844 1694 as

1683 1705 1850 1743 Chaplain.

1685 1983 1750 2011 Pro
1772 1983 1874 2012 Sacer-

1683 2023 1748 2051 date
1763 2023 1811 2051 de-

111 2039 209 2093 spe'
241 2039 337 2080 etc.¹
365 2039 409 2079 in
438 2039 567 2079 missa
599 2043 642 2079 et
681 2040 859 2079 servicio
895 2053 970 2092 pro
1002 2039 1227 2079 animabus
1263 2039 1517 2092 supradictis
1553 2052 1647 2092 spe·
1673 2063 1797 2100 functo·

109 2104 275 2144 cialiter
297 2104 518 2153 sumenda,
540 2104 623 2143 nisi
645 2118 731 2157 prae
753 2104 1009 2144 excellencia
1033 2104 1298 2144 solemnioris
1319 2104 1418 2144 festi
1440 2104 1485 2142 in
1508 2104 1646 2143 missis

113 2170 169 2209 sit
202 2169 256 2209 de
287 2183 404 2209 more
436 2168 624 2209 ecclesiae
657 2167 881 2209 honestius
913 2170 1168 2219 omittenda,
1201 2170 1263 2209 ita
1300 2169 1500 2209 videlicet.
1533 2168 1646 2221 quod

111 2233 227 2273 idem
250 2233 496 2286 capellanus
523 2233 654 2272 semel
687 2233 868 2287 singulis
900 2234 1152 2287 septimanis
1184 2234 1503 2287 imperpetuum
1535 2233 1648 2272 dicat

110 2298 286 2337 missam
327 2297 381 2337 de
418 2296 634 2351 Requiem
674 2311 750 2351 pro
791 2298 1016 2337 animabus
1059 2298 1328 2351 supradictiS,
1365 2311 1411 2336 ac
1448 2296 1648 2336 omnibus

48 2407 56 2411 χ
111 2362 309 2402 fidelibus
325 2361 554 2412 defunctis,
571 2376 670 2401 cum
688 2362 880 2402 oracione
894 2362 1097 2415 praedicta
1113 2362 1314 2411 celebret,
1330 2366 1518 2415 tempore
1533 2361 1648 2400 inter

111 2425 222 2465 festa
251 2425 416 2465 Natalis
448 2426 622 2465 Domini
657 2423 742 2480 [et]
776 2425 1028 2479 Epiphaniae
1060 2426 1266 2480 Ejusdem
1298 2426 1515 2466 mediante
1549 2425 1646 2464 sub-

112 2490 243 2530 ducto
284 2490 586 2530 tantummodo
623 2494 669 2529 et
702 2493 892 2543 excepto.
955 2490 1026 2540 Et,
1058 2504 1113 2530 ne.
1149 2504 1334 2543 praesens
1371 2489 1569 2530 fundat-io
1603 2492 1648 2528 et

111 2554 328 2594 ordinacio
349 2552 480 2607 hujus
501 2554 701 2593 cantariae
722 2556 943 2606 perpetuae
966 2568 1042 2594 suo
1064 2554 1210 2594 debito
1227 2554 1460 2594 frustretur
1475 2552 1647 2602 effectu,

113 2631 190 2671 ego
212 2618 239 2658 J
242 2616 431 2657 ohannes
461 2617 658 2667 Sendale,
680 2619 908 2658 canonicus
931 2619 1191 2668 antedictus,
1213 2619 1265 2658 ad
1287 2618 1520 2657 cantariam
1542 2629 1647 2669 prae-

112 2681 272 2721 dictam
304 2682 527 2722 dominum
559 2681 791 2721 Ricardum
824 2683 959 2722 Lucas
991 2683 1277 2736 presbiterum
1309 2682 1362 2722 de
1395 2685 1439 2721 et
1471 2695 1521 2720 ex
1553 2694 1645 2720 mea

112 2748 226 2784 certa
263 2746 443 2786 sciencia
483 2746 610 2799 eligo,
652 2749 694 2785 et
737 2746 904 2786 intuitu
945 2747 1134 2787 caritatis
1178 2746 1417 2800 specialiter
1458 2745 1646 2792 nomino,

1683 2689 1819 2719 Richard

1685 2729 1784 2758 Lucas
1798 2730 1853 2758 the

1682 2769 1745 2797 first

115 2808 338 2862 imponens
360 2809 491 2850 michi
514 2810 816 2850 necessitatem
839 2811 1123 2864 praesentandi
1148 2811 1331 2850 eundem
1357 2824 1431 2862 pro
1454 2808 1532 2849 hac
1556 2809 1644 2849 vice
1680 2808 1838 2845 ehaplain.

613 2889 668 2931 (l)
700 2889 798 2923 York
820 2889 953 2933 Missal,
974 2889 1008 2924 ii.
1037 2890 1112 2923 186.
