1935 3151
79 137 172 183 146

77 269 177 297 above
194 272 225 298 to

76 308 147 336 four
159 309 272 346 vimrs,

75 351 203 382 August

74 387 121 422 24,
140 388 224 417 1349.

66 909 177 939 power
192 914 224 940 to

65 949 206 980 distrain.

108 1171 149 1200 fo.
168 1172 222 1200 103
239 1173 259 1201 i.

59 1810 209 1840 witness<
218 1820 242 1840 S.

59 2132 184 2163 WValter

60 2172 154 2201 Sutor
169 2183 221 2209 ap-

57 2211 159 2249 points
168 2212 254 2241 will.

60 2251 194 2280 l‘hokler
209 2254 241 2280 to

57 2289 131 2326 give
142 2299 254 2327 posscs-

59 2329 125 2357 sion
140 2330 174 2358 of
193 2330 245 2359 the

60 2369 157 2397 above
174 2371 205 2396 to

59 2408 110 2435 the
126 2408 237 2441 vicars,

61 2448 182 2480 August
200 2448 245 2478 21,

64 2486 146 2514 1349.

792 152 1066 185 MEMORIALS
1101 152 1159 184 OF
1196 152 1352 185 RIPON.

309 261 568 313 confirmavi,
609 264 794 304 dominis
835 265 1025 304 Henrico
1057 264 1112 305 de
1152 264 1399 317 Plompton‚
1440 263 1628 304 Roberto
1667 263 1838 316 Verius,

308 325 500 366 Galfrido
531 328 585 367 de
617 328 815 379 Haddon,
839 332 884 368 et
914 327 1088 368 Thomae
1119 329 1172 368 de
1195 328 1364 378 Bolton,
1395 328 1560 368 vicariis
1596 328 1641 367 in
1663 329 1840 369 ecclesia

307 389 475 443 Ripon’,
498 392 729 444 quemdam
751 406 944 432 annuum
965 393 1184 432 redditum
1215 396 1311 431 octo
1344 392 1574 432 solidorum
1605 396 1837 432 exeuntem

305 454 359 494 de
390 455 464 494 illo
496 459 744 496 tenemento
775 460 819 496 et
839 457 915 496 illa
935 456 1088 496 bovata
1108 460 1234 496 terrae
1255 470 1353 495 cum
1377 457 1464 495 suis
1485 457 1760 509 pertinenciis
1791 457 1837 496 in

305 517 758 572 Bysshopthorntown,
780 534 910 573 quem
941 521 1117 574 quidem
1147 534 1340 560 annuum
1371 520 1592 560 redditum
1621 524 1715 560 octo
1739 520 1837 560 soli-

303 582 455 622 dorum
477 582 607 622 habui
630 598 681 623 ex
702 585 813 624 dono
842 588 887 624 et
907 586 1181 625 concessione
1206 585 1371 625 domini
1396 585 1423 625 J
1426 583 1605 624 ohannis
1637 585 1834 625 Huberte

302 646 354 685 de
386 646 554 699 Ripon’,
585 648 818 700 capellani3
851 649 1110 688 Habendum
1142 652 1187 688 et
1222 648 1548 702 percipiendum
1580 649 1834 701 praedictum

302 723 497 750 annuum
528 712 746 751 redditum
774 716 870 752 octo
903 713 1135 752 solidorum
1166 713 1382 766 praedictis
1413 713 1598 752 dominis
1630 713 1834 764 Henrico,

300 774 500 826 Roberto,
524 775 730 826 Galfrido,
754 781 798 816 et
819 775 1007 826 Thomae,
1029 775 1269 817 haeredibus
1291 780 1337 817 et
1367 777 1610 830 assignatis,
1632 776 1834 817 videlicet

299 839 352 878 ad
383 839 494 879 festa
526 839 671 880 Sancti
703 841 882 881 Martini
914 842 960 880 in
990 855 1114 894 yeme
1147 846 1192 881 et
1212 842 1517 891 Pentecoste&
1540 854 1616 893 per
1647 841 1831 893 aequales

298 904 530 955 porciones.
594 904 650 943 Et
678 905 712 944 si
734 906 957 959 contingat
987 906 1241 959 praedictum
1271 919 1465 945 annuum
1495 905 1716 945 redditum
1737 909 1831 945 octo

300 967 529 1007 solidorum
550 982 574 1007 a
594 972 708 1008 retro
730 982 822 1008 esse
843 970 889 1008 in
910 972 1031 1022 parte
1048 969 1117 1009 vel
1130 970 1176 1008 in
1196 972 1290 1009 toto
1307 970 1360 1009 ad
1373 969 1560 1022 aliquem
1574 969 1829 1019 terminum,

296 1030 406 1071 bene
429 1031 557 1071 liceat
578 1033 793 1086 praedietis
816 1033 1019 1083 Henrico,
1042 1033 1245 1083 Roberto,
1275 1033 1482 1083 Galfrido,
1506 1036 1552 1072 et
1572 1031 1760 1083 Thomae,
1784 1036 1828 1072 et

295 1093 537 1135 haeredibus
570 1097 671 1146 suis,
700 1098 745 1136 in
779 1098 993 1150 praedictis
1025 1100 1276 1137 tenemento
1302 1101 1348 1137 et
1382 1098 1535 1137 bovata
1570 1100 1694 1136 terrae
1728 1111 1828 1136 cum

295 1160 381 1199 suis
403 1161 681 1212 pertinenciis
703 1161 975 1215 distringere,
998 1164 1043 1201 et
1056 1162 1374 1201 districcionem
1388 1162 1588 1210 retinere,
1604 1174 1826 1213 quousque

293 1223 345 1262 de
367 1225 571 1277 predicto
593 1225 767 1264 redditu
788 1239 888 1264 eum
918 1226 1141 1279 arreragiis
1172 1226 1362 1278 plenarie
1393 1225 1526 1265 fuerit
1558 1224 1826 1264 satisfactum

293 1287 346 1326 ad
368 1301 736 1341 quorumcumque
758 1303 912 1328 manus
943 1290 1209 1330 devenerint.
1272 1290 1329 1329 Et
1360 1303 1440 1343 ego
1471 1302 1571 1328 vero
1592 1289 1825 1342 praedictus

292 1351 507 1392 walterus
540 1356 585 1392 et
626 1351 815 1392 haeredes
846 1354 934 1393 mei
966 1353 1222 1406 praedictum
1253 1366 1447 1393 annuum
1478 1353 1699 1393 redditum
1729 1356 1826 1393 octo

292 1415 524 1455 solidorum
566 1415 752 1469 praefatis
804 1416 1006 1467 Henrico,
1048 1417 1250 1467 Roberto,
1293 1416 1500 1467 Galfrido,
1543 1420 1589 1457 et
1635 1415 1826 1468 Thomae‚

291 1478 531 1519 haeredibus
566 1484 610 1519 et
635 1481 865 1534 assignatis
893 1482 994 1531 suis,
1032 1484 1179 1521 contra
1214 1495 1363 1521 omnes
1399 1484 1559 1535 gentes*
1578 1482 1825 1521 warantiza-

289 1543 432 1583 bimus
453 1544 791 1597 imperpetuum.
853 1545 906 1584 In
927 1544 1050 1599 cujus
1081 1546 1144 1585 rei
1160 1546 1477 1585 vtestimonium
1498 1543 1599 1584 huic
1621 1547 1823 1598 praesenti

289 1610 413 1647 cartae
437 1608 626 1662 sigillum
649 1622 795 1648 meum
816 1610 1007 1662 apposui.

377 1671 474 1711 Dat.
513 1672 627 1724 apud
661 1671 882 1711 Thornton
916 1671 1153 1726 Bysshopp,
1188 1673 1258 1713 die
1286 1673 1421 1712 Lunae
1454 1673 1499 1711 in
1533 1671 1643 1712 festo
1677 1672 1822 1713 Sancti

290 1733 593 1775 Bartholomaei
626 1736 833 1789 Apostoli,
866 1736 990 1776 Anno
1030 1736 1205 1776 Domini
1245 1736 1476 1776 millesimo
1516 1736 1821 1776 trecentesimo

289 1799 613 1853 quadragesimo
634 1814 760 1840 nono.
822 1800 920 1839 Hiis
944 1800 1159 1850 testibus3
1192 1800 1390 1842 Johanne
1421 1800 1474 1840 de
1506 1799 1727 1853 Bradelay,
1748 1800 1822 1840 Jo-

289 1862 431 1902 hanne
455 1863 617 1917 Gyliot,
639 1863 773 1903 Alano
795 1864 847 1903 de
871 1863 1102 1915 Shirwode,
1124 1865 1152 1906 J
1154 1863 1323 1905 ohanne
1345 1865 1397 1904 de
1430 1863 1598 1918 Clynte,
1623 1862 1820 1905 ,Iohanne

292 1926 451 1980 Skayff,
472 1927 638 1978 clerico,
661 1931 705 1968 et
726 1928 876 1968 multis
897 1928 1006 1969 aliis.

978 2049 1130 2095 (LXV.)

378 2123 532 2162 Pateat
555 2123 765 2162 universis
785 2137 861 2176 per
881 2127 1128 2176 praesentes,
1145 2124 1258 2177 quod
1281 2137 1360 2178 ego
1376 2123 1592 2163 Waltrerus
1616 2122 1745 2163 Sutor
1766 2122 1819 2162 de

290 2185 718 2240 Bysshoppthornton
740 2186 945 2237 ordinavi,
968 2186 1062 2236 feci,
1086 2190 1131 2226 et
1152 2188 1373 2237 constitui,
1396 2187 1603 2226 dilectum
1625 2184 1757 2225 michi
1774 2186 1818 2224 in

290 2249 458 2291 Christo
491 2249 760 2289 Willelmum
793 2249 980 2290 Phokler
1012 2250 1064 2290 de
1099 2249 1547 2303 Bysshoppthornton,
1575 2250 1628 2289 ad
1657 2248 1819 2289 delibe-

290 2315 465 2354 randam
489 2314 688 2353 seisinam
710 2314 883 2353 nomine
906 2327 1001 2354 meo
1023 2314 1195 2353 domino
1217 2314 1404 2353 Henrico
1435 2314 1487 2353 de
1510 2313 1551 2353 le
1573 2313 1818 2365 Plompton‚

290 2379 461 2417 domino
484 2378 676 2418 Galfrido
689 2378 741 2417 de
766 2378 962 2428 Haddon,
985 2378 1170 2418 Roberto
1187 2378 1356 2427 Verius,
1378 2376 1551 2417 Thomae
1572 2377 1625 2417 de
1648 2376 1817 2426 Bolton,

291 2445 385 2482 octo
417 2441 649 2481 solidorum
681 2442 844 2482 reditus
880 2442 1141 2495 percipiendi
1173 2442 1224 2481 de.
1256 2455 1342 2481 uno
1374 2444 1626 2481 tenemento
1658 2443 1704 2480 et
1734 2453 1818 2480 una

293 2506 443 2546 bovata
474 2509 599 2545 terrae
631 2519 725 2558 quae
757 2509 931 2545 vocatur
961 2504 1137 2561 (blank)
1166 2507 1210 2546 in
1243 2504 1689 2559 Bysshoppthornton,
1720 2518 1815 2557 quae

293 2571 454 2609 eisdem
487 2570 583 2609 dedi
618 2574 662 2609 et
693 2583 766 2622 per
798 2573 957 2609 cartam
989 2584 1130 2610 meam
1162 2570 1360 2618 feoffavi3
1393 2573 1536 2609 ratum
1568 2572 1613 2608 et
1644 2571 1818 2622 gratum

294 2633 520 2673 habiturus
560 2634 761 2686 quicquid
797 2634 910 2672 idem
947 2634 1191 2673 VVillelmus
1231 2634 1404 2673 nomine
1445 2645 1542 2672 meo
1581 2631 1732 2671 fecerit
1772 2632 1818 2670 in

295 2698 534 2749 praemissis.
601 2697 649 2736 In
694 2696 816 2749 cujus
858 2697 914 2735 rei
966 2698 1263 2737 testimonium
1305 2695 1586 2750 praesentibus
1628 2694 1817 2748 sigillum

296 2775 439 2800 meum
461 2761 650 2813 apposui.

384 2825 480 2863 Dat.
527 2824 638 2877 apud
689 2823 1099 2877 Bysshopthornton,
1142 2824 1212 2864 die
1259 2825 1391 2864 Lunae
1437 2824 1481 2862 in
1523 2822 1633 2862 festo
1674 2821 1819 2861 Sancti

299 2886 593 2927 Bai-tholomaei
636 2888 839 2939 Apostoli,
873 2888 995 2927 Auno
1038 2888 1210 2928 Domini
1247 2887 1478 2927 Millesimo
1514 2885 1817 2926 trecentesimo

294 2950 615 3003 quadragesimo
638 2965 759 2990 nono.
