<?xml version="1.0" encoding="UTF-8"?>
<!DOCTYPE html PUBLIC "-//W3C//DTD XHTML 1.0 Transitional//EN"
    "http://www.w3.org/TR/xhtml1/DTD/xhtml1-transitional.dtd">
<html xmlns="http://www.w3.org/1999/xhtml" xml:lang="en" lang="en">
 <head>
  <title>
</title>
<meta http-equiv="Content-Type" content="text/html;charset=utf-8" />
  <meta name='ocr-system' content='tesseract 3.04.00' />
  <meta name='ocr-capabilities' content='ocr_page ocr_carea ocr_par ocr_line ocrx_word'/>
</head>
<body>
  <div class='ocr_page' id='page_1' title='image "./memorialsofchurc01fowl/memorialsofchurc01fowl_0222.png"; bbox 0 0 1935 3151; ppageno 0'>
   <div class='ocr_carea' id='block_1_1' title="bbox 47 139 143 186">
    <p class='ocr_par' dir='ltr' id='par_1_1' title="bbox 47 139 143 186">
     <span class='ocr_line' id='line_1_1' title="bbox 47 139 143 186; baseline -0.01 0"><span class='ocrx_word' id='word_1_1' title='bbox 47 139 143 186; x_wconf 89' lang='grc'>198</span> 
     </span>
    </p>
   </div>
   <div class='ocr_carea' id='block_1_2' title="bbox 45 475 235 623">
    <p class='ocr_par' dir='ltr' id='par_1_2' title="bbox 45 475 235 623">
     <span class='ocr_line' id='line_1_2' title="bbox 47 475 235 514; baseline -0.005 -9"><span class='ocrx_word' id='word_1_2' title='bbox 47 476 187 514; x_wconf 82' lang='lat' dir='ltr'><strong>Chapter</strong></span> <span class='ocrx_word' id='word_1_3' title='bbox 201 475 235 504; x_wconf 88' lang='lat' dir='ltr'>of</span> 
     </span>
     <span class='ocr_line' id='line_1_3' title="bbox 46 515 197 553; baseline 0 -9"><span class='ocrx_word' id='word_1_4' title='bbox 46 515 149 553; x_wconf 86' lang='lat' dir='ltr'>Ripon</span> <span class='ocrx_word' id='word_1_5' title='bbox 165 518 197 544; x_wconf 89' lang='lat' dir='ltr'>to</span> 
     </span>
     <span class='ocr_line' id='line_1_4' title="bbox 49 554 187 583; baseline 0.007 -1"><span class='ocrx_word' id='word_1_6' title='bbox 49 554 134 582; x_wconf 81' lang='lat' dir='ltr'>Alan</span> <span class='ocrx_word' id='word_1_7' title='bbox 150 555 187 583; x_wconf 90' lang='lat' dir='ltr'>de</span> 
     </span>
     <span class='ocr_line' id='line_1_5' title="bbox 45 593 186 623; baseline 0.007 -1"><span class='ocrx_word' id='word_1_8' title='bbox 45 593 186 623; x_wconf 86' lang='lat' dir='ltr'>Aldfeld.</span> 
     </span>
    </p>
   </div>
   <div class='ocr_carea' id='block_1_3' title="bbox 45 861 204 977">
    <p class='ocr_par' dir='ltr' id='par_1_3' title="bbox 45 861 204 977">
     <span class='ocr_line' id='line_1_6' title="bbox 45 861 179 890; baseline 0.007 -1"><span class='ocrx_word' id='word_1_9' title='bbox 45 861 131 890; x_wconf 84' lang='lat' dir='ltr'>Alan</span> <span class='ocrx_word' id='word_1_10' title='bbox 146 864 179 890; x_wconf 90' lang='lat' dir='ltr'>to</span> 
     </span>
     <span class='ocr_line' id='line_1_7' title="bbox 46 904 204 937; baseline 0.006 -9"><span class='ocrx_word' id='word_1_11' title='bbox 46 904 171 937; x_wconf 80' lang='lat' dir='ltr'><strong>present</strong></span> <span class='ocrx_word' id='word_1_12' title='bbox 186 909 204 929; x_wconf 78' lang='lat' dir='ltr'>a</span> 
     </span>
     <span class='ocr_line' id='line_1_8' title="bbox 47 939 202 977; baseline 0 -9"><span class='ocrx_word' id='word_1_13' title='bbox 47 939 202 977; x_wconf 83' lang='lat' dir='ltr'>chaplain.</span> 
     </span>
    </p>
   </div>
   <div class='ocr_carea' id='block_1_4' title="bbox 45 1176 246 1363">
    <p class='ocr_par' dir='ltr' id='par_1_4' title="bbox 45 1176 246 1363">
     <span class='ocr_line' id='line_1_9' title="bbox 46 1176 246 1206; baseline 0.005 -1"><span class='ocrx_word' id='word_1_14' title='bbox 46 1176 112 1205; x_wconf 86' lang='lat' dir='ltr'>The</span> <span class='ocrx_word' id='word_1_15' title='bbox 121 1177 246 1206; x_wconf 83' lang='lat' dir='ltr'>mother</span> 
     </span>
     <span class='ocr_line' id='line_1_10' title="bbox 47 1217 215 1245; baseline 0.006 -1"><span class='ocrx_word' id='word_1_16' title='bbox 47 1217 166 1245; x_wconf 88' lang='lat' dir='ltr'>church</span> <span class='ocrx_word' id='word_1_17' title='bbox 184 1221 215 1245; x_wconf 91' lang='lat' dir='ltr'>to</span> 
     </span>
     <span class='ocr_line' id='line_1_11' title="bbox 46 1255 213 1284; baseline 0 0"><span class='ocrx_word' id='word_1_18' title='bbox 46 1256 85 1284; x_wconf 85' lang='lat' dir='ltr'>be</span> <span class='ocrx_word' id='word_1_19' title='bbox 99 1255 213 1284; x_wconf 87' lang='lat' dir='ltr'>visited</span> 
     </span>
     <span class='ocr_line' id='line_1_12' title="bbox 47 1295 221 1324; baseline 0.011 -2"><span class='ocrx_word' id='word_1_20' title='bbox 47 1303 87 1323; x_wconf 89' lang='lat' dir='ltr'>on</span> <span class='ocrx_word' id='word_1_21' title='bbox 101 1295 221 1324; x_wconf 83' lang='lat' dir='ltr'>certain</span> 
     </span>
     <span class='ocr_line' id='line_1_13' title="bbox 45 1333 150 1363; baseline 0.019 -2"><span class='ocrx_word' id='word_1_22' title='bbox 45 1333 150 1363; x_wconf 79' lang='lat' dir='ltr'>feasts.</span> 
     </span>
    </p>
   </div>
   <div class='ocr_carea' id='block_1_5' title="bbox 48 1387 230 1505">
    <p class='ocr_par' dir='ltr' id='par_1_5' title="bbox 48 1387 230 1505">
     <span class='ocr_line' id='line_1_14' title="bbox 48 1387 154 1417; baseline 0 -1"><span class='ocrx_word' id='word_1_23' title='bbox 48 1387 154 1417; x_wconf 82' lang='lat' dir='ltr'>Main-</span> 
     </span>
     <span class='ocr_line' id='line_1_15' title="bbox 48 1428 230 1457; baseline 0.011 -2"><span class='ocrx_word' id='word_1_24' title='bbox 48 1429 181 1456; x_wconf 84' lang='lat' dir='ltr'>tenance</span> <span class='ocrx_word' id='word_1_25' title='bbox 195 1428 230 1457; x_wconf 84' lang='lat' dir='ltr'>of</span> 
     </span>
     <span class='ocr_line' id='line_1_16' title="bbox 48 1466 201 1505; baseline 0 -10"><span class='ocrx_word' id='word_1_26' title='bbox 48 1466 201 1505; x_wconf 77' lang='lat' dir='ltr'>chaplain.</span> 
     </span>
    </p>
   </div>
   <div class='ocr_carea' id='block_1_6' title="bbox 50 1940 248 2018">
    <p class='ocr_par' dir='ltr' id='par_1_6' title="bbox 50 1940 248 2018">
     <span class='ocr_line' id='line_1_17' title="bbox 50 1940 240 1970; baseline -0.005 0"><span class='ocrx_word' id='word_1_27' title='bbox 50 1940 134 1970; x_wconf 81' lang='lat' dir='ltr'>Rent</span> <span class='ocrx_word' id='word_1_28' title='bbox 147 1940 181 1970; x_wconf 87' lang='lat' dir='ltr'>of</span> <span class='ocrx_word' id='word_1_29' title='bbox 198 1941 240 1969; x_wconf 81' lang='lat' dir='ltr'>2s.</span> 
     </span>
     <span class='ocr_line' id='line_1_18' title="bbox 50 1979 248 2018; baseline -0.005 -9"><span class='ocrx_word' id='word_1_30' title='bbox 50 1982 83 2010; x_wconf 83' lang='lat' dir='ltr'>to</span> <span class='ocrx_word' id='word_1_31' title='bbox 101 1979 248 2018; x_wconf 81' lang='lat' dir='ltr'>Chapter.</span> 
     </span>
    </p>
   </div>
   <div class='ocr_carea' id='block_1_7' title="bbox 52 2695 232 2727">
    <p class='ocr_par' dir='ltr' id='par_1_7' title="bbox 52 2695 232 2727">
     <span class='ocr_line' id='line_1_19' title="bbox 52 2695 232 2727; baseline 0.011 -3"><span class='ocrx_word' id='word_1_32' title='bbox 52 2695 232 2727; x_wconf 80' lang='lat' dir='ltr'>witnesses.</span> 
     </span>
    </p>
   </div>
   <div class='ocr_carea' id='block_1_8' title="bbox 760 153 1324 190">
    <p class='ocr_par' dir='ltr' id='par_1_8' title="bbox 760 153 1324 190">
     <span class='ocr_line' id='line_1_20' title="bbox 760 153 1324 190; baseline 0 -3"><span class='ocrx_word' id='word_1_33' title='bbox 760 153 1036 188; x_wconf 86' lang='lat' dir='ltr'>MEMORIALS</span> <span class='ocrx_word' id='word_1_34' title='bbox 1071 154 1130 188; x_wconf 81' lang='lat' dir='ltr'>OF</span> <span class='ocrx_word' id='word_1_35' title='bbox 1165 155 1324 190; x_wconf 88' lang='lat' dir='ltr'><strong>RIPON.</strong></span> 
     </span>
    </p>
   </div>
   <div class='ocr_carea' id='block_1_9' title="bbox 557 309 1530 345">
    <p class='ocr_par' dir='ltr' id='par_1_9' title="bbox 557 309 1530 345">
     <span class='ocr_line' id='line_1_21' title="bbox 557 309 1530 345; baseline 0 -1"><span class='ocrx_word' id='word_1_36' title='bbox 557 309 597 345; x_wconf 84' lang='lat' dir='ltr'>O.</span> <span class='ocrx_word' id='word_1_37' title='bbox 631 309 850 345; x_wconf 84' lang='lat' dir='ltr'>LIOENOE</span> <span class='ocrx_word' id='word_1_38' title='bbox 883 310 981 345; x_wconf 79' lang='lat' dir='ltr'>FOR</span> <span class='ocrx_word' id='word_1_39' title='bbox 1015 309 1275 344; x_wconf 88' lang='lat' dir='ltr'>ALDFIELD</span> <span class='ocrx_word' id='word_1_40' title='bbox 1310 309 1530 345; x_wconf 85' lang='lat' dir='ltr'>CHAPEL.</span> 
     </span>
    </p>
   </div>
   <div class='ocr_carea' id='block_1_10' title="bbox 777 385 1301 430">
    <p class='ocr_par' dir='ltr' id='par_1_10' title="bbox 777 385 1301 430">
     <span class='ocr_line' id='line_1_22' title="bbox 777 385 1301 430; baseline -0.002 -11"><span class='ocrx_word' id='word_1_41' title='bbox 777 385 1064 430; x_wconf 77' lang='lat' dir='ltr'>(DARNBROUGE</span> <span class='ocrx_word' id='word_1_42' title='bbox 1092 385 1170 420; x_wconf 83' lang='lat' dir='ltr'>MS.</span> <span class='ocrx_word' id='word_1_43' title='bbox 1197 386 1301 430; x_wconf 77' lang='lat' dir='ltr'><strong>xxx‚)</strong></span> 
     </span>
    </p>
   </div>
   <div class='ocr_carea' id='block_1_11' title="bbox 278 465 1811 2495">
    <p class='ocr_par' dir='ltr' id='par_1_11' title="bbox 278 465 1811 2495">
     <span class='ocr_line' id='line_1_23' title="bbox 367 465 1807 519; baseline -0.001 -13"><span class='ocrx_word' id='word_1_44' title='bbox 367 465 587 507; x_wconf 88' lang='lat' dir='ltr'>Universis</span> <span class='ocrx_word' id='word_1_45' title='bbox 609 465 683 506; x_wconf 88' lang='lat' dir='ltr'>has</span> <span class='ocrx_word' id='word_1_46' title='bbox 704 467 851 506; x_wconf 78' lang='lat' dir='ltr'>literas</span> <span class='ocrx_word' id='word_1_47' title='bbox 872 467 1025 506; x_wconf 85' lang='lat' dir='ltr'>visuris</span> <span class='ocrx_word' id='word_1_48' title='bbox 1046 467 1114 506; x_wconf 87' lang='lat' dir='ltr'>vel</span> <span class='ocrx_word' id='word_1_49' title='bbox 1144 467 1372 517; x_wconf 75' lang='lat' dir='ltr'>audituris,</span> <span class='ocrx_word' id='word_1_50' title='bbox 1404 465 1652 519; x_wconf 75' lang='lat' dir='ltr'>Capitulum</span> <span class='ocrx_word' id='word_1_51' title='bbox 1683 465 1807 505; x_wconf 88' lang='lat' dir='ltr'>Beati</span> 
     </span>
     <span class='ocr_line' id='line_1_24' title="bbox 279 529 1807 584; baseline 0 -15"><span class='ocrx_word' id='word_1_52' title='bbox 279 529 467 570; x_wconf 78' lang='lat' dir='ltr'>wilfridi</span> <span class='ocrx_word' id='word_1_53' title='bbox 489 530 541 570; x_wconf 90' lang='lat' dir='ltr'>de</span> <span class='ocrx_word' id='word_1_54' title='bbox 564 530 742 584; x_wconf 86' lang='lat' dir='ltr'>Rypon&#39;,</span> <span class='ocrx_word' id='word_1_55' title='bbox 765 530 949 570; x_wconf 88' lang='lat' dir='ltr'>salutem</span> <span class='ocrx_word' id='word_1_56' title='bbox 971 531 1018 570; x_wconf 92' lang='lat' dir='ltr'>in</span> <span class='ocrx_word' id='word_1_57' title='bbox 1040 530 1224 570; x_wconf 79' lang='lat' dir='ltr'>Domino</span> <span class='ocrx_word' id='word_1_58' title='bbox 1239 531 1555 584; x_wconf 86' lang='lat' dir='ltr'>sempiternam.</span> <span class='ocrx_word' id='word_1_59' title='bbox 1587 529 1628 569; x_wconf 89' lang='lat' dir='ltr'>N</span> <span class='ocrx_word' id='word_1_60' title='bbox 1630 530 1807 570; x_wconf 88' lang='lat' dir='ltr'>overitis</span> 
     </span>
     <span class='ocr_line' id='line_1_25' title="bbox 278 593 1807 634; baseline 0 -1"><span class='ocrx_word' id='word_1_61' title='bbox 278 607 354 633; x_wconf 93' lang='lat' dir='ltr'>nos</span> <span class='ocrx_word' id='word_1_62' title='bbox 390 594 646 634; x_wconf 83' lang='lat' dir='ltr'>concessisse</span> <span class='ocrx_word' id='word_1_63' title='bbox 682 594 856 634; x_wconf 86' lang='lat' dir='ltr'>domino</span> <span class='ocrx_word' id='word_1_64' title='bbox 896 594 1033 634; x_wconf 92' lang='lat' dir='ltr'>Alano</span> <span class='ocrx_word' id='word_1_65' title='bbox 1068 594 1120 634; x_wconf 93' lang='lat' dir='ltr'>de</span> <span class='ocrx_word' id='word_1_66' title='bbox 1153 594 1328 634; x_wconf 89' lang='lat' dir='ltr'>Aldfeld</span> <span class='ocrx_word' id='word_1_67' title='bbox 1366 598 1410 634; x_wconf 90' lang='lat' dir='ltr'>et</span> <span class='ocrx_word' id='word_1_68' title='bbox 1444 593 1684 634; x_wconf 71' lang='lat' dir='ltr'>haeredibus</span> <span class='ocrx_word' id='word_1_69' title='bbox 1719 594 1807 633; x_wconf 90' lang='lat' dir='ltr'>suis</span> 
     </span>
     <span class='ocr_line' id='line_1_26' title="bbox 278 656 1807 711; baseline -0.001 -14"><span class='ocrx_word' id='word_1_70' title='bbox 278 656 433 697; x_wconf 87' lang='lat' dir='ltr'>habere</span> <span class='ocrx_word' id='word_1_71' title='bbox 484 658 715 697; x_wconf 89' lang='lat' dir='ltr'>cantariam</span> <span class='ocrx_word' id='word_1_72' title='bbox 755 658 868 711; x_wconf 86' lang='lat' dir='ltr'>apud</span> <span class='ocrx_word' id='word_1_73' title='bbox 918 657 1107 707; x_wconf 86' lang='lat' dir='ltr'>Aldfeld,</span> <span class='ocrx_word' id='word_1_74' title='bbox 1148 661 1194 698; x_wconf 90' lang='lat' dir='ltr'>et</span> <span class='ocrx_word' id='word_1_75' title='bbox 1238 657 1507 711; x_wconf 83' lang='lat' dir='ltr'>capellanum</span> <span class='ocrx_word' id='word_1_76' title='bbox 1548 658 1807 697; x_wconf 86' lang='lat' dir='ltr'>servientem</span> 
     </span>
     <span class='ocr_line' id='line_1_27' title="bbox 278 720 1808 775; baseline 0 -15"><span class='ocrx_word' id='word_1_77' title='bbox 278 721 454 772; x_wconf 85' lang='lat' dir='ltr'>ibidem,</span> <span class='ocrx_word' id='word_1_78' title='bbox 478 721 591 761; x_wconf 91' lang='lat' dir='ltr'>salvo</span> <span class='ocrx_word' id='word_1_79' title='bbox 612 723 658 761; x_wconf 89' lang='lat' dir='ltr'>in</span> <span class='ocrx_word' id='word_1_80' title='bbox 690 721 890 761; x_wconf 88' lang='lat' dir='ltr'>omnibus</span> <span class='ocrx_word' id='word_1_81' title='bbox 916 720 1015 775; x_wconf 85' lang='lat' dir='ltr'>jure</span> <span class='ocrx_word' id='word_1_82' title='bbox 1047 720 1290 775; x_wconf 84' lang='lat' dir='ltr'>parochiali,</span> <span class='ocrx_word' id='word_1_83' title='bbox 1320 722 1399 762; x_wconf 90' lang='lat' dir='ltr'>sub</span> <span class='ocrx_word' id='word_1_84' title='bbox 1419 720 1497 761; x_wconf 92' lang='lat' dir='ltr'>hac</span> <span class='ocrx_word' id='word_1_85' title='bbox 1518 721 1667 772; x_wconf 85' lang='lat' dir='ltr'>forma,</span> <span class='ocrx_word' id='word_1_86' title='bbox 1688 721 1808 761; x_wconf 91' lang='lat' dir='ltr'>vide-</span> 
     </span>
     <span class='ocr_line' id='line_1_28' title="bbox 278 784 1808 838; baseline -0.001 -14"><span class='ocrx_word' id='word_1_87' title='bbox 278 785 380 824; x_wconf 90' lang='lat' dir='ltr'>licet</span> <span class='ocrx_word' id='word_1_88' title='bbox 421 785 533 838; x_wconf 90' lang='lat' dir='ltr'>quod</span> <span class='ocrx_word' id='word_1_89' title='bbox 565 785 707 825; x_wconf 89' lang='lat' dir='ltr'>dictus</span> <span class='ocrx_word' id='word_1_90' title='bbox 746 785 908 825; x_wconf 85' lang='lat' dir='ltr'>Alanus</span> <span class='ocrx_word' id='word_1_91' title='bbox 950 789 996 825; x_wconf 92' lang='lat' dir='ltr'>et</span> <span class='ocrx_word' id='word_1_92' title='bbox 1035 784 1226 825; x_wconf 82' lang='lat' dir='ltr'>haeredes</span> <span class='ocrx_word' id='word_1_93' title='bbox 1268 786 1334 825; x_wconf 89' lang='lat' dir='ltr'>sui</span> <span class='ocrx_word' id='word_1_94' title='bbox 1375 785 1498 825; x_wconf 89' lang='lat' dir='ltr'>nobis</span> <span class='ocrx_word' id='word_1_95' title='bbox 1538 785 1808 838; x_wconf 87' lang='lat' dir='ltr'>capellanum</span> 
     </span>
     <span class='ocr_line' id='line_1_29' title="bbox 278 848 1810 903; baseline 0 -15"><span class='ocrx_word' id='word_1_96' title='bbox 278 849 600 902; x_wconf 81' lang='lat' dir='ltr'>praesentabunt</span> <span class='ocrx_word' id='word_1_97' title='bbox 620 853 853 902; x_wconf 73' lang='lat' dir='ltr'>antequam</span> <span class='ocrx_word' id='word_1_98' title='bbox 873 850 919 889; x_wconf 85' lang='lat' dir='ltr'>in</span> <span class='ocrx_word' id='word_1_99' title='bbox 939 849 1143 903; x_wconf 89' lang='lat' dir='ltr'>praedicta</span> <span class='ocrx_word' id='word_1_100' title='bbox 1163 849 1324 902; x_wconf 89' lang='lat' dir='ltr'>capella</span> <span class='ocrx_word' id='word_1_101' title='bbox 1343 850 1576 888; x_wconf 85' lang='lat' dir='ltr'>ministret.</span> <span class='ocrx_word' id='word_1_102' title='bbox 1636 848 1810 889; x_wconf 72' lang='lat' dir='ltr'>,Iurabit</span> 
     </span>
     <span class='ocr_line' id='line_1_30' title="bbox 280 912 1808 966; baseline 0 -15"><span class='ocrx_word' id='word_1_103' title='bbox 280 916 325 952; x_wconf 89' lang='lat' dir='ltr'>et</span> <span class='ocrx_word' id='word_1_104' title='bbox 345 912 462 952; x_wconf 89' lang='lat' dir='ltr'>idem</span> <span class='ocrx_word' id='word_1_105' title='bbox 484 912 729 966; x_wconf 85' lang='lat' dir='ltr'>capellanus</span> <span class='ocrx_word' id='word_1_106' title='bbox 750 913 804 953; x_wconf 91' lang='lat' dir='ltr'>de</span> <span class='ocrx_word' id='word_1_107' title='bbox 825 913 1142 966; x_wconf 69' lang='lat' dir='ltr'>indempnitate</span> <span class='ocrx_word' id='word_1_108' title='bbox 1174 913 1458 963; x_wconf 90' lang='lat' dir='ltr'>oblacionum,</span> <span class='ocrx_word' id='word_1_109' title='bbox 1480 912 1808 962; x_wconf 88' lang='lat' dir='ltr'>obvencionum,</span> 
     </span>
     <span class='ocr_line' id='line_1_31' title="bbox 280 975 1809 1030; baseline 0 -15"><span class='ocrx_word' id='word_1_110' title='bbox 280 980 325 1015; x_wconf 91' lang='lat' dir='ltr'>et</span> <span class='ocrx_word' id='word_1_111' title='bbox 346 977 540 1016; x_wconf 89' lang='lat' dir='ltr'>omnium</span> <span class='ocrx_word' id='word_1_112' title='bbox 571 976 890 1026; x_wconf 88' lang='lat' dir='ltr'>beneficiorum,</span> <span class='ocrx_word' id='word_1_113' title='bbox 913 991 1007 1030; x_wconf 84' lang='lat' dir='ltr'>quae</span> <span class='ocrx_word' id='word_1_114' title='bbox 1028 977 1270 1030; x_wconf 88' lang='lat' dir='ltr'>antiquitus</span> <span class='ocrx_word' id='word_1_115' title='bbox 1300 980 1345 1016; x_wconf 90' lang='lat' dir='ltr'>et</span> <span class='ocrx_word' id='word_1_116' title='bbox 1376 977 1429 1016; x_wconf 92' lang='lat' dir='ltr'>de</span> <span class='ocrx_word' id='word_1_117' title='bbox 1460 990 1569 1016; x_wconf 89' lang='lat' dir='ltr'>novo</span> <span class='ocrx_word' id='word_1_118' title='bbox 1599 976 1652 1016; x_wconf 92' lang='lat' dir='ltr'>ad</span> <span class='ocrx_word' id='word_1_119' title='bbox 1675 975 1809 1015; x_wconf 88' lang='lat' dir='ltr'>eccle-</span> 
     </span>
     <span class='ocr_line' id='line_1_32' title="bbox 281 1039 1808 1093; baseline 0 -14"><span class='ocrx_word' id='word_1_120' title='bbox 281 1040 386 1079; x_wconf 90' lang='lat' dir='ltr'>siam</span> <span class='ocrx_word' id='word_1_121' title='bbox 406 1043 599 1079; x_wconf 86' lang='lat' dir='ltr'>nostram</span> <span class='ocrx_word' id='word_1_122' title='bbox 619 1041 835 1093; x_wconf 90' lang='lat' dir='ltr'>pertinere</span> <span class='ocrx_word' id='word_1_123' title='bbox 858 1042 1153 1092; x_wconf 89' lang='lat' dir='ltr'>dinoscuntur,</span> <span class='ocrx_word' id='word_1_124' title='bbox 1175 1044 1220 1081; x_wconf 90' lang='lat' dir='ltr'>et</span> <span class='ocrx_word' id='word_1_125' title='bbox 1240 1041 1353 1093; x_wconf 91' lang='lat' dir='ltr'>quod</span> <span class='ocrx_word' id='word_1_126' title='bbox 1367 1040 1507 1080; x_wconf 75' lang='lat' dir='ltr'>fide’lis</span> <span class='ocrx_word' id='word_1_127' title='bbox 1522 1040 1604 1079; x_wconf 90' lang='lat' dir='ltr'>erit</span> <span class='ocrx_word' id='word_1_128' title='bbox 1618 1039 1808 1080; x_wconf 81' lang='lat' dir='ltr'>ecclesiae</span> 
     </span>
     <span class='ocr_line' id='line_1_33' title="bbox 279 1104 1809 1157; baseline 0 -14"><span class='ocrx_word' id='word_1_129' title='bbox 279 1107 437 1144; x_wconf 84' lang='lat' dir='ltr'>nostrae</span> <span class='ocrx_word' id='word_1_130' title='bbox 458 1107 504 1144; x_wconf 91' lang='lat' dir='ltr'>et</span> <span class='ocrx_word' id='word_1_131' title='bbox 524 1104 713 1157; x_wconf 89' lang='lat' dir='ltr'>capitulo</span> <span class='ocrx_word' id='word_1_132' title='bbox 735 1107 780 1144; x_wconf 87' lang='lat' dir='ltr'>et</span> <span class='ocrx_word' id='word_1_133' title='bbox 801 1105 1029 1155; x_wconf 86' lang='lat' dir='ltr'>canonicis,</span> <span class='ocrx_word' id='word_1_134' title='bbox 1049 1118 1129 1144; x_wconf 89' lang='lat' dir='ltr'>nec</span> <span class='ocrx_word' id='word_1_135' title='bbox 1158 1118 1228 1145; x_wconf 93' lang='lat' dir='ltr'>eos</span> <span class='ocrx_word' id='word_1_136' title='bbox 1258 1106 1305 1144; x_wconf 90' lang='lat' dir='ltr'>in</span> <span class='ocrx_word' id='word_1_137' title='bbox 1336 1105 1479 1157; x_wconf 89' lang='lat' dir='ltr'>aliquo</span> <span class='ocrx_word' id='word_1_138' title='bbox 1509 1104 1622 1157; x_wconf 90' lang='lat' dir='ltr'>quod</span> <span class='ocrx_word' id='word_1_139' title='bbox 1645 1106 1809 1157; x_wconf 86' lang='lat' dir='ltr'>spectet</span> 
     </span>
     <span class='ocr_line' id='line_1_34' title="bbox 279 1167 1810 1221; baseline 0 -14"><span class='ocrx_word' id='word_1_140' title='bbox 279 1167 331 1207; x_wconf 88' lang='lat' dir='ltr'>ad</span> <span class='ocrx_word' id='word_1_141' title='bbox 358 1167 430 1221; x_wconf 89' lang='lat' dir='ltr'>jus</span> <span class='ocrx_word' id='word_1_142' title='bbox 452 1168 601 1208; x_wconf 87' lang='lat' dir='ltr'>matris</span> <span class='ocrx_word' id='word_1_143' title='bbox 633 1168 820 1208; x_wconf 89' lang='lat' dir='ltr'>ecclesiae</span> <span class='ocrx_word' id='word_1_144' title='bbox 851 1168 1132 1209; x_wconf 89' lang='lat' dir='ltr'>defraudabit.</span> <span class='ocrx_word' id='word_1_145' title='bbox 1194 1168 1430 1208; x_wconf 88' lang='lat' dir='ltr'>Praedictus</span> <span class='ocrx_word' id='word_1_146' title='bbox 1451 1181 1550 1208; x_wconf 89' lang='lat' dir='ltr'>vero</span> <span class='ocrx_word' id='word_1_147' title='bbox 1570 1167 1732 1207; x_wconf 88' lang='lat' dir='ltr'>Alanus</span> <span class='ocrx_word' id='word_1_148' title='bbox 1763 1170 1810 1207; x_wconf 89' lang='lat' dir='ltr'>et</span> 
     </span>
     <span class='ocr_line' id='line_1_35' title="bbox 279 1230 1808 1285; baseline -0.001 -14"><span class='ocrx_word' id='word_1_149' title='bbox 279 1230 471 1271; x_wconf 82' lang='lat' dir='ltr'>haeredes</span> <span class='ocrx_word' id='word_1_150' title='bbox 505 1232 572 1271; x_wconf 90' lang='lat' dir='ltr'>sui</span> <span class='ocrx_word' id='word_1_151' title='bbox 603 1246 702 1271; x_wconf 88' lang='lat' dir='ltr'>cum</span> <span class='ocrx_word' id='word_1_152' title='bbox 732 1231 898 1271; x_wconf 88' lang='lat' dir='ltr'>familia</span> <span class='ocrx_word' id='word_1_153' title='bbox 929 1246 1004 1272; x_wconf 90' lang='lat' dir='ltr'>sua</span> <span class='ocrx_word' id='word_1_154' title='bbox 1036 1235 1080 1272; x_wconf 90' lang='lat' dir='ltr'>et</span> <span class='ocrx_word' id='word_1_155' title='bbox 1111 1232 1184 1272; x_wconf 90' lang='lat' dir='ltr'>alii</span> <span class='ocrx_word' id='word_1_156' title='bbox 1208 1230 1459 1285; x_wconf 86' lang='lat' dir='ltr'>parochiani</span> <span class='ocrx_word' id='word_1_157' title='bbox 1488 1232 1607 1271; x_wconf 89' lang='lat' dir='ltr'>illius</span> <span class='ocrx_word' id='word_1_158' title='bbox 1628 1231 1740 1271; x_wconf 80' lang='lat' dir='ltr'>villae</span> <span class='ocrx_word' id='word_1_159' title='bbox 1760 1231 1808 1270; x_wconf 88' lang='lat' dir='ltr'>in</span> 
     </span>
     <span class='ocr_line' id='line_1_36' title="bbox 282 1295 1808 1348; baseline -0.001 -12"><span class='ocrx_word' id='word_1_160' title='bbox 282 1296 653 1348; x_wconf 87' lang='lat' dir='ltr'>solempnitatibus</span> <span class='ocrx_word' id='word_1_161' title='bbox 675 1296 833 1336; x_wconf 89' lang='lat' dir='ltr'>debitis</span> <span class='ocrx_word' id='word_1_162' title='bbox 855 1298 901 1336; x_wconf 92' lang='lat' dir='ltr'>et</span> <span class='ocrx_word' id='word_1_163' title='bbox 921 1297 1137 1337; x_wconf 89' lang='lat' dir='ltr'>consuetis</span> <span class='ocrx_word' id='word_1_164' title='bbox 1153 1296 1394 1336; x_wconf 87' lang='lat' dir='ltr'>oblaciones</span> <span class='ocrx_word' id='word_1_165' title='bbox 1410 1297 1610 1336; x_wconf 85' lang='lat' dir='ltr'>canonice</span> <span class='ocrx_word' id='word_1_166' title='bbox 1623 1295 1808 1336; x_wconf 85' lang='lat' dir='ltr'>faciend.</span> 
     </span>
     <span class='ocr_line' id='line_1_37' title="bbox 281 1358 1810 1412; baseline 0.001 -14"><span class='ocrx_word' id='word_1_167' title='bbox 281 1359 334 1399; x_wconf 89' lang='lat' dir='ltr'>ad</span> <span class='ocrx_word' id='word_1_168' title='bbox 367 1362 549 1398; x_wconf 89' lang='lat' dir='ltr'>matrem</span> <span class='ocrx_word' id='word_1_169' title='bbox 580 1359 801 1399; x_wconf 89' lang='lat' dir='ltr'>ecclesiam</span> <span class='ocrx_word' id='word_1_170' title='bbox 834 1360 1026 1399; x_wconf 89' lang='lat' dir='ltr'>venient.</span> <span class='ocrx_word' id='word_1_171' title='bbox 1087 1360 1152 1400; x_wconf 93' lang='lat' dir='ltr'>Ad</span> <span class='ocrx_word' id='word_1_172' title='bbox 1182 1358 1272 1400; x_wconf 85' lang='lat' dir='ltr'>haec</span> <span class='ocrx_word' id='word_1_173' title='bbox 1308 1359 1537 1412; x_wconf 81' lang='lat' dir='ltr'>praedictus</span> <span class='ocrx_word' id='word_1_174' title='bbox 1569 1360 1731 1399; x_wconf 91' lang='lat' dir='ltr'>Alanus</span> <span class='ocrx_word' id='word_1_175' title='bbox 1764 1362 1810 1399; x_wconf 87' lang='lat' dir='ltr'>et</span> 
     </span>
     <span class='ocr_line' id='line_1_38' title="bbox 280 1422 1809 1476; baseline 0 -14"><span class='ocrx_word' id='word_1_176' title='bbox 280 1422 470 1463; x_wconf 81' lang='lat' dir='ltr'>haeredes</span> <span class='ocrx_word' id='word_1_177' title='bbox 494 1423 559 1462; x_wconf 87' lang='lat' dir='ltr'>sui</span> <span class='ocrx_word' id='word_1_178' title='bbox 579 1422 754 1476; x_wconf 79' lang='lat' dir='ltr'>praefato</span> <span class='ocrx_word' id='word_1_179' title='bbox 784 1423 1002 1476; x_wconf 91' lang='lat' dir='ltr'>capellano</span> <span class='ocrx_word' id='word_1_180' title='bbox 1032 1423 1168 1463; x_wconf 89' lang='lat' dir='ltr'>victui</span> <span class='ocrx_word' id='word_1_181' title='bbox 1199 1427 1243 1463; x_wconf 91' lang='lat' dir='ltr'>et</span> <span class='ocrx_word' id='word_1_182' title='bbox 1273 1424 1453 1463; x_wconf 80' lang='lat' dir='ltr'>vestitui</span> <span class='ocrx_word' id='word_1_183' title='bbox 1483 1423 1720 1463; x_wconf 89' lang='lat' dir='ltr'>necessaria</span> <span class='ocrx_word' id='word_1_184' title='bbox 1739 1423 1809 1463; x_wconf 90' lang='lat' dir='ltr'>vel</span> 
     </span>
     <span class='ocr_line' id='line_1_39' title="bbox 280 1484 1809 1540; baseline 0.001 -16"><span class='ocrx_word' id='word_1_185' title='bbox 280 1499 355 1538; x_wconf 91' lang='lat' dir='ltr'>pro</span> <span class='ocrx_word' id='word_1_186' title='bbox 375 1484 460 1525; x_wconf 86' lang='lat' dir='ltr'>hiis</span> <span class='ocrx_word' id='word_1_187' title='bbox 481 1489 693 1539; x_wconf 89' lang='lat' dir='ltr'>quantum</span> <span class='ocrx_word' id='word_1_188' title='bbox 724 1487 838 1526; x_wconf 89' lang='lat' dir='ltr'>inter</span> <span class='ocrx_word' id='word_1_189' title='bbox 860 1500 930 1526; x_wconf 92' lang='lat' dir='ltr'>eos</span> <span class='ocrx_word' id='word_1_190' title='bbox 952 1486 1199 1526; x_wconf 88' lang='lat' dir='ltr'>convenerit</span> <span class='ocrx_word' id='word_1_191' title='bbox 1230 1486 1282 1525; x_wconf 91' lang='lat' dir='ltr'>de</span> <span class='ocrx_word' id='word_1_192' title='bbox 1314 1487 1482 1539; x_wconf 91' lang='lat' dir='ltr'>proprio</span> <span class='ocrx_word' id='word_1_193' title='bbox 1511 1486 1809 1540; x_wconf 87' lang='lat' dir='ltr'>assignabunt,</span> 
     </span>
     <span class='ocr_line' id='line_1_40' title="bbox 280 1549 1809 1603; baseline 0.001 -15"><span class='ocrx_word' id='word_1_194' title='bbox 280 1550 343 1588; x_wconf 87' lang='lat' dir='ltr'>ita</span> <span class='ocrx_word' id='word_1_195' title='bbox 363 1549 472 1602; x_wconf 89' lang='lat' dir='ltr'>quod</span> <span class='ocrx_word' id='word_1_196' title='bbox 497 1549 735 1602; x_wconf 89' lang='lat' dir='ltr'>capitulum</span> <span class='ocrx_word' id='word_1_197' title='bbox 756 1551 801 1589; x_wconf 89' lang='lat' dir='ltr'>in</span> <span class='ocrx_word' id='word_1_198' title='bbox 822 1550 942 1590; x_wconf 89' lang='lat' dir='ltr'>nullo</span> <span class='ocrx_word' id='word_1_199' title='bbox 963 1553 1177 1590; x_wconf 88' lang='lat' dir='ltr'>oneretur.</span> <span class='ocrx_word' id='word_1_200' title='bbox 1231 1550 1289 1590; x_wconf 88' lang='lat' dir='ltr'>Et</span> <span class='ocrx_word' id='word_1_201' title='bbox 1311 1551 1345 1589; x_wconf 93' lang='lat' dir='ltr'>si</span> <span class='ocrx_word' id='word_1_202' title='bbox 1367 1551 1462 1603; x_wconf 91' lang='lat' dir='ltr'>quis</span> <span class='ocrx_word' id='word_1_203' title='bbox 1475 1550 1809 1603; x_wconf 87' lang='lat' dir='ltr'>presbiterorum</span> 
     </span>
     <span class='ocr_line' id='line_1_41' title="bbox 280 1613 1809 1666; baseline 0.001 -14"><span class='ocrx_word' id='word_1_204' title='bbox 280 1613 443 1652; x_wconf 89' lang='lat' dir='ltr'>ibidem</span> <span class='ocrx_word' id='word_1_205' title='bbox 493 1614 839 1653; x_wconf 88' lang='lat' dir='ltr'>ministrancium</span> <span class='ocrx_word' id='word_1_206' title='bbox 889 1613 1032 1666; x_wconf 89' lang='lat' dir='ltr'>aliquo</span> <span class='ocrx_word' id='word_1_207' title='bbox 1072 1616 1264 1666; x_wconf 86' lang='lat' dir='ltr'>tempore</span> <span class='ocrx_word' id='word_1_208' title='bbox 1305 1618 1452 1653; x_wconf 87' lang='lat' dir='ltr'>contra</span> <span class='ocrx_word' id='word_1_209' title='bbox 1494 1617 1809 1653; x_wconf 87' lang='lat' dir='ltr'>sacramentum</span> 
     </span>
     <span class='ocr_line' id='line_1_42' title="bbox 281 1676 1809 1730; baseline 0.001 -14"><span class='ocrx_word' id='word_1_210' title='bbox 281 1690 406 1716; x_wconf 88' lang='lat' dir='ltr'>suum</span> <span class='ocrx_word' id='word_1_211' title='bbox 429 1676 593 1727; x_wconf 86' lang='lat' dir='ltr'>fecerit,</span> <span class='ocrx_word' id='word_1_212' title='bbox 615 1680 660 1716; x_wconf 89' lang='lat' dir='ltr'>et</span> <span class='ocrx_word' id='word_1_213' title='bbox 675 1676 748 1730; x_wconf 88' lang='lat' dir='ltr'>jus</span> <span class='ocrx_word' id='word_1_214' title='bbox 769 1678 918 1716; x_wconf 88' lang='lat' dir='ltr'>matris</span> <span class='ocrx_word' id='word_1_215' title='bbox 950 1677 1138 1716; x_wconf 85' lang='lat' dir='ltr'>ecclesiae</span> <span class='ocrx_word' id='word_1_216' title='bbox 1168 1677 1330 1730; x_wconf 88' lang='lat' dir='ltr'>aliquid</span> <span class='ocrx_word' id='word_1_217' title='bbox 1353 1677 1611 1717; x_wconf 82' lang='lat' dir='ltr'>subtraxerit</span> <span class='ocrx_word' id='word_1_218' title='bbox 1632 1676 1809 1717; x_wconf 89' lang='lat' dir='ltr'>fraudu-</span> 
     </span>
     <span class='ocr_line' id='line_1_43' title="bbox 280 1739 1811 1794; baseline 0.001 -15"><span class='ocrx_word' id='word_1_219' title='bbox 280 1740 420 1779; x_wconf 79' lang='lat' dir='ltr'>lenter</span> <span class='ocrx_word' id='word_1_220' title='bbox 442 1740 507 1780; x_wconf 84' lang='lat' dir='ltr'>vel</span> <span class='ocrx_word' id='word_1_221' title='bbox 529 1739 771 1790; x_wconf 85' lang='lat' dir='ltr'>inhoneste,</span> <span class='ocrx_word' id='word_1_222' title='bbox 802 1741 890 1780; x_wconf 90' lang='lat' dir='ltr'>sive</span> <span class='ocrx_word' id='word_1_223' title='bbox 918 1740 1080 1792; x_wconf 83' lang='lat' dir='ltr'>injuste</span> <span class='ocrx_word' id='word_1_224' title='bbox 1104 1754 1148 1780; x_wconf 90' lang='lat' dir='ltr'>se</span> <span class='ocrx_word' id='word_1_225' title='bbox 1179 1739 1393 1791; x_wconf 88' lang='lat' dir='ltr'>habuerit,</span> <span class='ocrx_word' id='word_1_226' title='bbox 1415 1754 1544 1793; x_wconf 89' lang='lat' dir='ltr'>quam</span> <span class='ocrx_word' id='word_1_227' title='bbox 1575 1741 1660 1780; x_wconf 89' lang='lat' dir='ltr'>cito</span> <span class='ocrx_word' id='word_1_228' title='bbox 1683 1754 1811 1794; x_wconf 92' lang='lat' dir='ltr'>super</span> 
     </span>
     <span class='ocr_line' id='line_1_44' title="bbox 281 1802 1809 1857; baseline 0.001 -15"><span class='ocrx_word' id='word_1_229' title='bbox 281 1802 360 1843; x_wconf 90' lang='lat' dir='ltr'>hoc</span> <span class='ocrx_word' id='word_1_230' title='bbox 383 1818 521 1843; x_wconf 87' lang='lat' dir='ltr'>coram</span> <span class='ocrx_word' id='word_1_231' title='bbox 543 1804 665 1844; x_wconf 90' lang='lat' dir='ltr'>nobis</span> <span class='ocrx_word' id='word_1_232' title='bbox 686 1803 819 1844; x_wconf 84' lang='lat' dir='ltr'>fuerit</span> <span class='ocrx_word' id='word_1_233' title='bbox 839 1804 1060 1844; x_wconf 87' lang='lat' dir='ltr'>convictus</span> <span class='ocrx_word' id='word_1_234' title='bbox 1082 1807 1126 1844; x_wconf 88' lang='lat' dir='ltr'>et</span> <span class='ocrx_word' id='word_1_235' title='bbox 1147 1803 1408 1844; x_wconf 85' lang='lat' dir='ltr'>confessatus</span> <span class='ocrx_word' id='word_1_236' title='bbox 1429 1804 1642 1857; x_wconf 90' lang='lat' dir='ltr'>presbiter</span> <span class='ocrx_word' id='word_1_237' title='bbox 1663 1804 1809 1844; x_wconf 86' lang='lat' dir='ltr'>statim</span> 
     </span>
     <span class='ocr_line' id='line_1_45' title="bbox 281 1866 1809 1921; baseline 0 -15"><span class='ocrx_word' id='word_1_238' title='bbox 281 1868 535 1907; x_wconf 86' lang='lat' dir='ltr'>auctoritate</span> <span class='ocrx_word' id='word_1_239' title='bbox 557 1870 701 1907; x_wconf 84' lang='lat' dir='ltr'>nostra</span> <span class='ocrx_word' id='word_1_240' title='bbox 721 1866 942 1921; x_wconf 88' lang='lat' dir='ltr'>ejiciemus</span> <span class='ocrx_word' id='word_1_241' title='bbox 965 1868 1056 1906; x_wconf 88' lang='lat' dir='ltr'>sine</span> <span class='ocrx_word' id='word_1_242' title='bbox 1077 1868 1417 1908; x_wconf 88' lang='lat' dir='ltr'>contradiccione</span> <span class='ocrx_word' id='word_1_243' title='bbox 1438 1868 1574 1920; x_wconf 89' lang='lat' dir='ltr'>ipsius</span> <span class='ocrx_word' id='word_1_244' title='bbox 1595 1867 1719 1907; x_wconf 88' lang='lat' dir='ltr'>Alani</span> <span class='ocrx_word' id='word_1_245' title='bbox 1742 1867 1809 1907; x_wconf 90' lang='lat' dir='ltr'>vel</span> 
     </span>
     <span class='ocr_line' id='line_1_46' title="bbox 283 1929 1811 1971; baseline 0 -2"><span class='ocrx_word' id='word_1_246' title='bbox 283 1929 502 1970; x_wconf 59' lang='lat' dir='ltr'>haeredum</span> <span class='ocrx_word' id='word_1_247' title='bbox 534 1944 722 1971; x_wconf 86' lang='lat' dir='ltr'>suorum.</span> <span class='ocrx_word' id='word_1_248' title='bbox 786 1931 1012 1971; x_wconf 86' lang='lat' dir='ltr'>Reddend.</span> <span class='ocrx_word' id='word_1_249' title='bbox 1044 1930 1145 1971; x_wconf 88' lang='lat' dir='ltr'>inde</span> <span class='ocrx_word' id='word_1_250' title='bbox 1176 1931 1405 1970; x_wconf 87' lang='lat' dir='ltr'>annuatim</span> <span class='ocrx_word' id='word_1_251' title='bbox 1427 1931 1543 1971; x_wconf 88' lang='lat' dir='ltr'>idem</span> <span class='ocrx_word' id='word_1_252' title='bbox 1571 1931 1733 1970; x_wconf 91' lang='lat' dir='ltr'>Alanus</span> <span class='ocrx_word' id='word_1_253' title='bbox 1766 1933 1811 1970; x_wconf 87' lang='lat' dir='ltr'>et</span> 
     </span>
     <span class='ocr_line' id='line_1_47' title="bbox 283 1993 1811 2048; baseline -0.001 -14"><span class='ocrx_word' id='word_1_254' title='bbox 283 1993 472 2034; x_wconf 80' lang='lat' dir='ltr'>haeredes</span> <span class='ocrx_word' id='word_1_255' title='bbox 495 1996 560 2034; x_wconf 91' lang='lat' dir='ltr'>sui</span> <span class='ocrx_word' id='word_1_256' title='bbox 580 1994 703 2035; x_wconf 90' lang='lat' dir='ltr'>nobis</span> <span class='ocrx_word' id='word_1_257' title='bbox 726 1997 768 2034; x_wconf 87' lang='lat' dir='ltr'>et</span> <span class='ocrx_word' id='word_1_258' title='bbox 802 1995 1112 2034; x_wconf 88' lang='lat' dir='ltr'>successoribus</span> <span class='ocrx_word' id='word_1_259' title='bbox 1142 1994 1299 2034; x_wconf 90' lang='lat' dir='ltr'>nostris</span> <span class='ocrx_word' id='word_1_260' title='bbox 1330 1994 1437 2034; x_wconf 92' lang='lat' dir='ltr'>duos</span> <span class='ocrx_word' id='word_1_261' title='bbox 1469 1994 1621 2034; x_wconf 82' lang='lat' dir='ltr'>solidos</span> <span class='ocrx_word' id='word_1_262' title='bbox 1642 1993 1811 2048; x_wconf 89' lang='lat' dir='ltr'>argenti</span> 
     </span>
     <span class='ocr_line' id='line_1_48' title="bbox 282 2056 1811 2111; baseline -0.001 -13"><span class='ocrx_word' id='word_1_263' title='bbox 282 2059 618 2111; x_wconf 83' lang='lat' dir='ltr'>imperpetuum,</span> <span class='ocrx_word' id='word_1_264' title='bbox 650 2056 851 2098; x_wconf 65' lang='lat' dir='ltr'>videlicet</span> <span class='ocrx_word' id='word_1_265' title='bbox 899 2058 1125 2098; x_wconf 88' lang='lat' dir='ltr'>duodecim</span> <span class='ocrx_word' id='word_1_266' title='bbox 1171 2058 1366 2098; x_wconf 82' lang='lat' dir='ltr'>denarios</span> <span class='ocrx_word' id='word_1_267' title='bbox 1407 2058 1461 2098; x_wconf 89' lang='lat' dir='ltr'>ad</span> <span class='ocrx_word' id='word_1_268' title='bbox 1510 2058 1811 2107; x_wconf 83' lang='lat' dir='ltr'>Pentecosten,</span> 
     </span>
     <span class='ocr_line' id='line_1_49' title="bbox 282 2120 1811 2174; baseline -0.001 -13"><span class='ocrx_word' id='word_1_269' title='bbox 282 2126 327 2161; x_wconf 90' lang='lat' dir='ltr'>et</span> <span class='ocrx_word' id='word_1_270' title='bbox 367 2122 592 2162; x_wconf 88' lang='lat' dir='ltr'>duodecim</span> <span class='ocrx_word' id='word_1_271' title='bbox 632 2122 826 2162; x_wconf 88' lang='lat' dir='ltr'>denarios</span> <span class='ocrx_word' id='word_1_272' title='bbox 867 2122 921 2161; x_wconf 93' lang='lat' dir='ltr'>ad</span> <span class='ocrx_word' id='word_1_273' title='bbox 956 2121 1118 2161; x_wconf 84' lang='lat' dir='ltr'>festum</span> <span class='ocrx_word' id='word_1_274' title='bbox 1153 2122 1297 2162; x_wconf 82' lang='lat' dir='ltr'>Sancti</span> <span class='ocrx_word' id='word_1_275' title='bbox 1339 2122 1519 2161; x_wconf 89' lang='lat' dir='ltr'>Martini</span> <span class='ocrx_word' id='word_1_276' title='bbox 1560 2122 1604 2161; x_wconf 90' lang='lat' dir='ltr'>in</span> <span class='ocrx_word' id='word_1_277' title='bbox 1640 2120 1811 2174; x_wconf 86' lang='lat' dir='ltr'>hyeme,</span> 
     </span>
     <span class='ocr_line' id='line_1_50' title="bbox 284 2183 1810 2238; baseline 0 -14"><span class='ocrx_word' id='word_1_278' title='bbox 284 2186 418 2224; x_wconf 85' lang='lat' dir='ltr'>eciam</span> <span class='ocrx_word' id='word_1_279' title='bbox 450 2186 485 2224; x_wconf 87' lang='lat' dir='ltr'>si</span> <span class='ocrx_word' id='word_1_280' title='bbox 517 2185 680 2238; x_wconf 88' lang='lat' dir='ltr'>capella</span> <span class='ocrx_word' id='word_1_281' title='bbox 709 2186 803 2237; x_wconf 89' lang='lat' dir='ltr'>ipsa</span> <span class='ocrx_word' id='word_1_282' title='bbox 844 2185 1019 2224; x_wconf 85' lang='lat' dir='ltr'>servicio</span> <span class='ocrx_word' id='word_1_283' title='bbox 1060 2188 1201 2224; x_wconf 90' lang='lat' dir='ltr'>careat</span> <span class='ocrx_word' id='word_1_284' title='bbox 1242 2185 1484 2224; x_wconf 88' lang='lat' dir='ltr'>sacerdotis.</span> <span class='ocrx_word' id='word_1_285' title='bbox 1557 2185 1640 2224; x_wconf 91' lang='lat' dir='ltr'>Pro</span> <span class='ocrx_word' id='word_1_286' title='bbox 1680 2183 1810 2237; x_wconf 86' lang='lat' dir='ltr'>hujus</span> 
     </span>
     <span class='ocr_line' id='line_1_51' title="bbox 282 2249 1811 2303; baseline -0.001 -14"><span class='ocrx_word' id='word_1_287' title='bbox 282 2252 429 2289; x_wconf 89' lang='lat' dir='ltr'>autem</span> <span class='ocrx_word' id='word_1_288' title='bbox 480 2250 763 2289; x_wconf 88' lang='lat' dir='ltr'>concessionis</span> <span class='ocrx_word' id='word_1_289' title='bbox 804 2249 947 2303; x_wconf 88' lang='lat' dir='ltr'>gracia</span> <span class='ocrx_word' id='word_1_290' title='bbox 987 2249 1219 2302; x_wconf 88' lang='lat' dir='ltr'>optinenda</span> <span class='ocrx_word' id='word_1_291' title='bbox 1260 2250 1468 2288; x_wconf 89' lang='lat' dir='ltr'>concessit</span> <span class='ocrx_word' id='word_1_292' title='bbox 1507 2249 1629 2289; x_wconf 89' lang='lat' dir='ltr'>nobis</span> <span class='ocrx_word' id='word_1_293' title='bbox 1670 2249 1811 2289; x_wconf 86' lang='lat' dir='ltr'>dictus</span> 
     </span>
     <span class='ocr_line' id='line_1_52' title="bbox 283 2311 1810 2366; baseline 0 -14"><span class='ocrx_word' id='word_1_294' title='bbox 283 2313 457 2363; x_wconf 88' lang='lat' dir='ltr'>Alanus,</span> <span class='ocrx_word' id='word_1_295' title='bbox 494 2327 569 2366; x_wconf 90' lang='lat' dir='ltr'>pro</span> <span class='ocrx_word' id='word_1_296' title='bbox 611 2326 654 2352; x_wconf 91' lang='lat' dir='ltr'>se</span> <span class='ocrx_word' id='word_1_297' title='bbox 697 2316 741 2353; x_wconf 90' lang='lat' dir='ltr'>et</span> <span class='ocrx_word' id='word_1_298' title='bbox 780 2311 1020 2353; x_wconf 78' lang='lat' dir='ltr'>haeredibus</span> <span class='ocrx_word' id='word_1_299' title='bbox 1063 2313 1164 2363; x_wconf 89' lang='lat' dir='ltr'>suis,</span> <span class='ocrx_word' id='word_1_300' title='bbox 1205 2312 1389 2353; x_wconf 90' lang='lat' dir='ltr'>liberum</span> <span class='ocrx_word' id='word_1_301' title='bbox 1430 2313 1661 2352; x_wconf 88' lang='lat' dir='ltr'>transitum</span> <span class='ocrx_word' id='word_1_302' title='bbox 1711 2325 1810 2352; x_wconf 90' lang='lat' dir='ltr'>cum</span> 
     </span>
     <span class='ocr_line' id='line_1_53' title="bbox 282 2377 1810 2432; baseline 0 -14"><span class='ocrx_word' id='word_1_303' title='bbox 282 2378 544 2428; x_wconf 89' lang='lat' dir='ltr'>hominibus,</span> <span class='ocrx_word' id='word_1_304' title='bbox 565 2379 700 2432; x_wconf 89' lang='lat' dir='ltr'>equis,</span> <span class='ocrx_word' id='word_1_305' title='bbox 722 2379 864 2427; x_wconf 89' lang='lat' dir='ltr'>carris,</span> <span class='ocrx_word' id='word_1_306' title='bbox 886 2381 932 2418; x_wconf 90' lang='lat' dir='ltr'>et</span> <span class='ocrx_word' id='word_1_307' title='bbox 952 2379 1143 2428; x_wconf 89' lang='lat' dir='ltr'>carectis,</span> <span class='ocrx_word' id='word_1_308' title='bbox 1163 2392 1239 2431; x_wconf 92' lang='lat' dir='ltr'>per</span> <span class='ocrx_word' id='word_1_309' title='bbox 1267 2377 1501 2418; x_wconf 86' lang='lat' dir='ltr'>turbariam</span> <span class='ocrx_word' id='word_1_310' title='bbox 1523 2392 1642 2418; x_wconf 86' lang='lat' dir='ltr'>suam</span> <span class='ocrx_word' id='word_1_311' title='bbox 1663 2392 1810 2418; x_wconf 90' lang='lat' dir='ltr'>versus</span> 
     </span>
     <span class='ocr_line' id='line_1_54' title="bbox 283 2442 1811 2495; baseline 0.001 -14"><span class='ocrx_word' id='word_1_312' title='bbox 283 2443 519 2495; x_wconf 85' lang='lat' dir='ltr'>quarariam</span> <span class='ocrx_word' id='word_1_313' title='bbox 556 2443 609 2482; x_wconf 88' lang='lat' dir='ltr'>de</span> <span class='ocrx_word' id='word_1_314' title='bbox 639 2442 877 2491; x_wconf 84' lang='lat' dir='ltr'>Tranmire,</span> <span class='ocrx_word' id='word_1_315' title='bbox 908 2442 1101 2495; x_wconf 89' lang='lat' dir='ltr'>quolibet</span> <span class='ocrx_word' id='word_1_316' title='bbox 1130 2445 1323 2495; x_wconf 88' lang='lat' dir='ltr'>tempore</span> <span class='ocrx_word' id='word_1_317' title='bbox 1359 2442 1460 2481; x_wconf 88' lang='lat' dir='ltr'>anni</span> <span class='ocrx_word' id='word_1_318' title='bbox 1498 2442 1638 2482; x_wconf 89' lang='lat' dir='ltr'>eundo</span> <span class='ocrx_word' id='word_1_319' title='bbox 1669 2445 1714 2482; x_wconf 88' lang='lat' dir='ltr'>et</span> <span class='ocrx_word' id='word_1_320' title='bbox 1743 2456 1811 2482; x_wconf 91' lang='lat' dir='ltr'>re-</span> 
     </span>
    </p>
   </div>
   <div class='ocr_carea' id='block_1_12' title="bbox 283 2504 1810 2616">
    <p class='ocr_par' dir='ltr' id='par_1_12' title="bbox 283 2504 1810 2616">
     <span class='ocr_line' id='line_1_55' title="bbox 283 2504 1810 2558; baseline 0.001 -14"><span class='ocrx_word' id='word_1_321' title='bbox 283 2506 453 2545; x_wconf 87' lang='lat' dir='ltr'>deundo</span> <span class='ocrx_word' id='word_1_322' title='bbox 487 2506 577 2544; x_wconf 88' lang='lat' dir='ltr'>sine</span> <span class='ocrx_word' id='word_1_323' title='bbox 608 2505 920 2558; x_wconf 88' lang='lat' dir='ltr'>impedimento</span> <span class='ocrx_word' id='word_1_324' title='bbox 951 2505 1085 2558; x_wconf 90' lang='lat' dir='ltr'>ipsius</span> <span class='ocrx_word' id='word_1_325' title='bbox 1116 2505 1242 2545; x_wconf 89' lang='lat' dir='ltr'>Alani</span> <span class='ocrx_word' id='word_1_326' title='bbox 1278 2506 1345 2545; x_wconf 89' lang='lat' dir='ltr'>vel</span> <span class='ocrx_word' id='word_1_327' title='bbox 1381 2504 1599 2545; x_wconf 81' lang='lat' dir='ltr'>haeredum</span> <span class='ocrx_word' id='word_1_328' title='bbox 1637 2519 1810 2545; x_wconf 89' lang='lat' dir='ltr'>suorum</span> 
     </span>
     <span class='ocr_line' id='line_1_56' title="bbox 283 2562 1810 2616; baseline 0.001 -15"><span class='ocrx_word' id='word_1_329' title='bbox 283 2563 618 2616; x_wconf 89' lang='lat' dir='ltr'>imperpetuum.</span> <span class='ocrx_word' id='word_1_330' title='bbox 680 2563 734 2602; x_wconf 93' lang='lat' dir='ltr'>In</span> <span class='ocrx_word' id='word_1_331' title='bbox 755 2562 878 2614; x_wconf 88' lang='lat' dir='ltr'>cujus</span> <span class='ocrx_word' id='word_1_332' title='bbox 910 2563 972 2602; x_wconf 90' lang='lat' dir='ltr'>rei</span> <span class='ocrx_word' id='word_1_333' title='bbox 1002 2564 1303 2603; x_wconf 85' lang='lat' dir='ltr'>testimonium</span> <span class='ocrx_word' id='word_1_334' title='bbox 1334 2566 1424 2603; x_wconf 85' lang='lat' dir='ltr'>tam</span> <span class='ocrx_word' id='word_1_335' title='bbox 1455 2577 1531 2603; x_wconf 89' lang='lat' dir='ltr'>nos</span> <span class='ocrx_word' id='word_1_336' title='bbox 1552 2577 1680 2615; x_wconf 90' lang='lat' dir='ltr'>quam</span> <span class='ocrx_word' id='word_1_337' title='bbox 1702 2577 1810 2615; x_wconf 87' lang='lat' dir='ltr'>prae-</span> 
     </span>
    </p>
   </div>
   <div class='ocr_carea' id='block_1_13' title="bbox 283 2625 1810 2932">
    <p class='ocr_par' dir='ltr' id='par_1_13' title="bbox 283 2625 1810 2932">
     <span class='ocr_line' id='line_1_57' title="bbox 283 2625 1810 2680; baseline -0.001 -14"><span class='ocrx_word' id='word_1_338' title='bbox 283 2626 423 2666; x_wconf 89' lang='lat' dir='ltr'>dictus</span> <span class='ocrx_word' id='word_1_339' title='bbox 444 2627 605 2666; x_wconf 85' lang='lat' dir='ltr'>Alanus</span> <span class='ocrx_word' id='word_1_340' title='bbox 625 2625 907 2679; x_wconf 77' lang='lat' dir='ltr'>praesentibus</span> <span class='ocrx_word' id='word_1_341' title='bbox 930 2626 1096 2678; x_wconf 89' lang='lat' dir='ltr'>scriptis</span> <span class='ocrx_word' id='word_1_342' title='bbox 1118 2626 1162 2666; x_wconf 92' lang='lat' dir='ltr'>in</span> <span class='ocrx_word' id='word_1_343' title='bbox 1185 2627 1360 2666; x_wconf 91' lang='lat' dir='ltr'>modum</span> <span class='ocrx_word' id='word_1_344' title='bbox 1383 2626 1587 2680; x_wconf 85' lang='lat' dir='ltr'>cirograffi</span> <span class='ocrx_word' id='word_1_345' title='bbox 1604 2625 1810 2665; x_wconf 88' lang='lat' dir='ltr'>confectis</span> 
     </span>
     <span class='ocr_line' id='line_1_58' title="bbox 283 2686 1809 2743; baseline 0.001 -16"><span class='ocrx_word' id='word_1_346' title='bbox 283 2689 530 2730; x_wconf 87' lang='lat' dir='ltr'>alternatim</span> <span class='ocrx_word' id='word_1_347' title='bbox 551 2686 750 2743; x_wconf 68' lang='lat' dir='ltr'>(sigyz&#39;llct)</span> <span class='ocrx_word' id='word_1_348' title='bbox 771 2691 917 2728; x_wconf 90' lang='lat' dir='ltr'>nostra</span> <span class='ocrx_word' id='word_1_349' title='bbox 936 2690 1225 2741; x_wconf 78' lang='lat' dir='ltr'>apposuimus,</span> <span class='ocrx_word' id='word_1_350' title='bbox 1274 2690 1371 2729; x_wconf 89' lang='lat' dir='ltr'>Hiis</span> <span class='ocrx_word' id='word_1_351' title='bbox 1392 2689 1591 2739; x_wconf 85' lang='lat' dir='ltr'>testibus,</span> <span class='ocrx_word' id='word_1_352' title='bbox 1614 2689 1809 2728; x_wconf 88' lang='lat' dir='ltr'>Dominis</span> 
     </span>
     <span class='ocr_line' id='line_1_59' title="bbox 283 2751 1809 2805; baseline 0.001 -14"><span class='ocrx_word' id='word_1_353' title='bbox 283 2751 445 2792; x_wconf 90' lang='lat' dir='ltr'>Thoma</span> <span class='ocrx_word' id='word_1_354' title='bbox 485 2753 573 2793; x_wconf 86' lang='lat' dir='ltr'>filio</span> <span class='ocrx_word' id='word_1_355' title='bbox 614 2752 776 2801; x_wconf 87' lang='lat' dir='ltr'>Briani‚</span> <span class='ocrx_word' id='word_1_356' title='bbox 818 2751 897 2791; x_wconf 89' lang='lat' dir='ltr'>Ad.</span> <span class='ocrx_word' id='word_1_357' title='bbox 940 2752 993 2791; x_wconf 90' lang='lat' dir='ltr'>de</span> <span class='ocrx_word' id='word_1_358' title='bbox 1034 2751 1232 2805; x_wconf 90' lang='lat' dir='ltr'>Pynhou,</span> <span class='ocrx_word' id='word_1_359' title='bbox 1273 2752 1436 2793; x_wconf 88' lang='lat' dir='ltr'>Thoma</span> <span class='ocrx_word' id='word_1_360' title='bbox 1476 2752 1529 2792; x_wconf 91' lang='lat' dir='ltr'>de</span> <span class='ocrx_word' id='word_1_361' title='bbox 1569 2752 1809 2802; x_wconf 80' lang='lat' dir='ltr'>Wakefeld,</span> 
     </span>
     <span class='ocr_line' id='line_1_60' title="bbox 283 2815 1808 2869; baseline 0 -14"><span class='ocrx_word' id='word_1_362' title='bbox 283 2816 450 2869; x_wconf 84' lang='lat' dir='ltr'>Rogero</span> <span class='ocrx_word' id='word_1_363' title='bbox 470 2817 523 2856; x_wconf 87' lang='lat' dir='ltr'>de</span> <span class='ocrx_word' id='word_1_364' title='bbox 555 2817 595 2855; x_wconf 92' lang='lat' dir='ltr'>la</span> <span class='ocrx_word' id='word_1_365' title='bbox 624 2816 755 2869; x_wconf 89' lang='lat' dir='ltr'>Leye,</span> <span class='ocrx_word' id='word_1_366' title='bbox 778 2815 965 2868; x_wconf 87' lang='lat' dir='ltr'>Hugone</span> <span class='ocrx_word' id='word_1_367' title='bbox 996 2815 1048 2855; x_wconf 88' lang='lat' dir='ltr'>de</span> <span class='ocrx_word' id='word_1_368' title='bbox 1080 2815 1337 2865; x_wconf 86' lang='lat' dir='ltr'>Roderham,</span> <span class='ocrx_word' id='word_1_369' title='bbox 1358 2816 1576 2855; x_wconf 89' lang='lat' dir='ltr'>Willelmo</span> <span class='ocrx_word' id='word_1_370' title='bbox 1596 2816 1649 2856; x_wconf 90' lang='lat' dir='ltr'>de</span> <span class='ocrx_word' id='word_1_371' title='bbox 1671 2815 1808 2856; x_wconf 86' lang='lat' dir='ltr'>Gren-</span> 
     </span>
     <span class='ocr_line' id='line_1_61' title="bbox 283 2878 1806 2932; baseline 0.001 -16"><span class='ocrx_word' id='word_1_372' title='bbox 283 2878 383 2927; x_wconf 61' lang='lat' dir='ltr'>sold,</span> <span class='ocrx_word' id='word_1_373' title='bbox 435 2883 538 2919; x_wconf 79' lang='lat' dir='ltr'>tunc</span> <span class='ocrx_word' id='word_1_374' title='bbox 579 2879 820 2927; x_wconf 80' lang='lat' dir='ltr'>canonicis;</span> <span class='ocrx_word' id='word_1_375' title='bbox 872 2878 1059 2918; x_wconf 83' lang='lat' dir='ltr'>Roberto</span> <span class='ocrx_word' id='word_1_376' title='bbox 1109 2879 1163 2919; x_wconf 89' lang='lat' dir='ltr'>de</span> <span class='ocrx_word' id='word_1_377' title='bbox 1214 2879 1492 2932; x_wconf 78' lang='lat' dir='ltr'>Almanbury,</span> <span class='ocrx_word' id='word_1_378' title='bbox 1534 2879 1714 2918; x_wconf 81' lang='lat' dir='ltr'>Ricardo</span> <span class='ocrx_word' id='word_1_379' title='bbox 1754 2879 1806 2918; x_wconf 80' lang='lat' dir='ltr'>(le</span> 
     </span>
    </p>
   </div>
  </div>
 </body>
</html>
