1935 3151
131 169 223 215 286

131 554 199 576 AJ).
216 547 301 576 1409.

131 602 219 631 will.
236 603 273 631 de

131 642 263 670 Cau-ode

131 681 192 708 and
208 681 308 708 others

132 724 163 747 to
178 718 259 747 John
275 720 311 748 de

134 757 147 785 1
152 759 217 786 >ene
232 759 293 787 and

131 796 241 825 others.

130 1048 159 1076 A
175 1048 287 1078 vennel

131 1096 206 1115 near
223 1088 273 1115 the

131 1125 219 1164 Lndy
236 1126 315 1156 kirk.

133 1681 171 1710 W
179 1682 186 1711 i
193 1686 203 1711 t
210 1691 319 1712 nosses.

133 1809 215 1847 Sept.
231 1812 258 1840 4.

135 2474 199 2495 Am.
217 2467 298 2495 1415.

136 2521 210 2550 Rob.
228 2522 285 2550 ΑΒ·

135 2561 303 2598 munderhy

134 2598 195 2625 nnd
211 2599 311 2628 others

134 2639 166 2663 to
186 2636 267 2665 Alnn

137 2673 306 2712 Lndymnn.

840 176 1112 210 MEMORIALS
1147 176 1204 209 OF
1240 176 1396 210 RIPON.

431 322 613 358 CLXXV.
644 321 925 365 QUITOLAIM
956 320 1017 355 OF
1053 321 1090 354 A
1122 319 1348 364 GARDEN,
1385 318 1504 363 ETC„
1538 316 1681 352 NEAR
1712 317 1814 352 THE

964 378 1105 413 LADY
1142 377 1283 412 KIRK.

884 450 1027 495 (RJPON
1053 450 1234 484 CHAPTER
1258 448 1353 494 MS.)

449 532 658 572 Noverint
679 531 865 571 universi
886 544 961 583 per
981 532 1226 583 praesentes,
1247 543 1325 569 nos
1346 529 1602 582 magistrum
1615 529 1884 569 Willelmum

362 597 414 635 de
437 595 652 645 Cawodde,
674 595 926 634 canonicum
948 594 1135 634 ecclesiae
1158 593 1393 647 Colligiatae
1415 593 1623 646 Riponiae,
1646 593 1883 633 Robertum

362 660 412 699 de
456 659 610 710 Grene,
652 663 696 699 et
736 658 943 698 Thomam
979 658 1032 697 de
1066 657 1285 707 Fulforde,
1318 657 1548 706 remisisse,
1580 656 1805 707 relaxasse,
1839 660 1884 696 et

360 724 533 762 omnino
560 736 634 776 pro
665 722 786 762 nobis
817 725 862 762 et
892 721 1132 762 haeredibus
1163 722 1318 761 nostris
1349 722 1656 774 inperpetuum
1687 721 1884 773 quietum

360 786 559 826 clamasse
581 786 752 826 domino
773 784 960 826 Johanni
981 786 1034 825 de
1056 786 1190 836 Dene,
1212 785 1415 825 canonico
1445 784 1630 824 ecclesiae
1660 784 1884 838 colligiatae

361 849 566 902 Riponiae,
588 849 774 889 Roberto
796 849 848 888 de
870 849 1042 899 Doram,
1064 852 1109 888 et
1130 848 1157 888 J
1159 847 1317 888 ohanni
1339 848 1391 888 de
1414 847 1625 898 Redenes,
1638 848 1884 901 capellanis,

359 916 499 952 totum
506 912 578 966 jus
591 915 786 952 nostrum
801 915 846 952 et
860 913 1073 952 clameum
1089 926 1183 965 quae
1199 925 1391 965 unquam
1404 910 1648 963 habuimus,
1662 910 1883 962 habemus,

362 989 436 1015 seu
456 976 731 1029 quovismodo
752 974 907 1016 habere
929 976 1165 1029 poterimus
1186 976 1232 1015 in
1253 989 1340 1015 uno
1360 975 1539 1029 gardino
1560 989 1658 1015 cum
1681 975 1767 1015 suis
1788 989 1883 1028 per-

359 1040 574 1090 tinenciis,
601 1039 772 1093 jacente
813 1040 858 1078 in
900 1040 1082 1092 quadam
1115 1039 1281 1079 venella
1310 1038 1437 1093 juxta
1469 1038 1510 1078 le
1544 1038 1802 1092 Laydykyrk
1836 1039 1883 1078 in

361 1103 556 1156 Riponia,
596 1104 709 1142 inter
747 1103 1019 1156 praebendam
1060 1103 1112 1143 de
1154 1102 1404 1143 Geuendale
1446 1116 1498 1142 ex
1537 1116 1624 1142 una
1662 1105 1798 1156 parte,
1839 1105 1885 1142 et

359 1167 584 1221 gardinum
615 1166 805 1219 praedicti
838 1165 1046 1206 Johannis
1078 1166 1131 1206 de
1163 1166 1359 1206 Redenes
1391 1179 1443 1205 ex
1478 1165 1612 1206 altera
1641 1168 1787 1219 parte:
1820 1166 1884 1206 ita

360 1230 472 1282 quod
513 1243 590 1270 nec
640 1243 716 1269 nos
756 1230 949 1283 praedicti
989 1230 1250 1280 Willelmus,
1291 1230 1502 1270 Robertus
1542 1230 1595 1269 de
1638 1229 1796 1280 Grene,
1838 1232 1884 1269 et

359 1292 554 1343 Thomas,
577 1307 654 1333 nec
686 1292 873 1333 haeredes
904 1295 1053 1345 nostri,
1084 1308 1163 1334 nec
1194 1294 1348 1347 aliquis
1378 1293 1488 1334 alius
1519 1294 1694 1333 nomine
1724 1295 1883 1343 nostro,

359 1357 528 1409 aliquod
556 1356 628 1410 jus
661 1357 728 1397 vel
764 1357 975 1397 clameum
1011 1359 1057 1397 in
1094 1358 1298 1411 praedicto
1333 1357 1511 1412 gardino
1547 1371 1646 1397 cum
1675 1357 1760 1397 suis
1787 1371 1884 1410 per-

361 1421 560 1460 tinenciis
581 1420 633 1460 de
655 1424 806 1460 caetero
827 1421 996 1475 exigere
1020 1435 1094 1462 seu
1115 1422 1337 1462 vendicare
1357 1421 1593 1474 poterimus
1609 1421 1656 1460 in
1671 1420 1883 1471 futurum,

362 1488 428 1524 set
467 1484 519 1524 ab
560 1485 676 1524 omni
716 1486 884 1525 accione
920 1485 1031 1539 juris
1068 1488 1114 1526 et
1147 1486 1299 1525 clamei
1335 1485 1436 1526 inde
1474 1485 1606 1525 simus
1644 1485 1804 1525 exclusi
1837 1486 1883 1525 in

360 1551 615 1601 perpetuum
656 1562 731 1601 per
770 1553 1016 1601 praesentes.
1077 1549 1131 1589 In
1171 1548 1294 1603 cujus
1340 1549 1403 1589 rei
1443 1549 1742 1588 testimonium
1781 1547 1884 1588 huic

361 1612 559 1664 praesenti
582 1613 736 1664 scripto
756 1615 901 1652 nostro
924 1613 1064 1667 sigilla
1085 1615 1231 1653 nostra
1250 1613 1541 1666 apposuimus.
1585 1611 1684 1651 Hiis
1697 1612 1884 1652 testibus

361 1674 576 1714 willelmo
598 1675 649 1715 de
667 1676 892 1726 Fencotes,
909 1676 1095 1717 Roberto
1109 1677 1160 1717 de
1174 1676 1370 1728 Tanfeld,
1386 1675 1605 1716 Willelmo
1621 1676 1674 1715 de
1687 1675 1882 1726 Tanfeld‚

362 1738 575 1778 Willelmo
609 1739 662 1779 de
694 1738 846 1789 Stowe,
867 1738 1031 1779 Thoma
1062 1741 1114 1780 de
1147 1740 1364 1794 Baldirby,
1393 1743 1439 1780 et
1469 1740 1577 1780 aliiS.
1639 1739 1737 1780 Dat.
1768 1740 1881 1793 apud

361 1801 512 1854 Ripon’
532 1802 601 1842 die
637 1803 859 1843 Marcuriae
900 1817 1015 1856 prox.
1057 1807 1155 1858 post
1195 1803 1357 1844 festum
1388 1803 1692 1843 Decollaciom's
1735 1803 1882 1844 Sancti

361 1863 567 1905 Johannis
593 1865 812 1919 Baptistae,
834 1867 958 1907 Anno
985 1869 1106 1922 regni
1139 1868 1254 1922 regis
1280 1867 1458 1908 Henrici
1490 1867 1628 1921 quarti
1658 1870 1755 1920 post
1780 1880 1880 1907 con-

360 1932 570 1980 quaestum
592 1929 757 1983 Angliae
778 1930 956 1971 deo³m0.
1447 1933 1449 1935 ’

452 1990 549 2031 Two
574 1991 705 2033 small
730 1992 840 2033 geals
862 1992 916 2034 in
935 2007 1067 2047 yreen
1087 2007 1187 2035 wax
1217 1993 1397 2035 re‘matn
1427 1992 1627 2034 attached
1650 1992 1702 2046 by
1724 1991 1881 2051 tabelsm

363 2052 428 2094 the
449 2054 613 2095 cento-at
635 2069 715 2096 one
737 2059 837 2097 torn
858 2070 1000 2110 away.
1064 2057 1154 2098 One
1175 2056 1254 2098 has
1276 2071 1306 2099 α
1326 2056 1495 2112 capital
1517 2058 1568 2107 R,
1591 2055 1658 2097 the
1679 2055 1798 2097 other
1819 2069 1882 2097 cm

362 2117 477 2170 eassle
498 2117 744 2172 (levoztrtnss
765 2133 794 2160 α
815 2118 1129 2176 heart-ehaped
1151 2120 1278 2175 object
1300 2135 1358 2163 οη
1379 2120 1521 2162 which
1541 2119 1582 2161 is
1603 2134 1633 2162 α
1654 2134 1782 2162 eroes.

448 2181 692 2233 Emlorsed,
714 2183 762 2223 B.
787 2186 826 2224 2.

393 2302 594 2337 CLXXVI.
629 2303 802 2339 GRANT
840 2305 902 2340 OF
937 2306 973 2340 A
1006 2306 1292 2352 TENEMENT,
1330 2307 1450 2352 ETO.,
1481 2307 1535 2343 IN
1566 2306 1847 2342 BONDGATE.

877 2377 1161 2420 (DARNBROUGH
1187 2378 1264 2414 MS.
1291 2378 1385 2424 xlii.)

451 2452 595 2492 Sciant
625 2458 853 2506 praesentes
875 2459 919 2496 et
941 2456 1075 2497 futuri
1107 2459 1219 2511 quod
1241 2471 1316 2498 nos
1349 2458 1562 2499 Robertus
1583 2458 1881 2511 Asmondirby‚

365 2514 571 2554 Robertus
604 2517 797 2567 Harwod,
828 2518 1043 2560 Johannes
1074 2520 1278 2571 Weston’,
1310 2522 1531 2575 capellani,
1563 2525 1608 2562 et
1638 2521 1881 2562 Willelmus

366 2578 550 2631 Haggar,
583 2579 793 2628 dedimus,
829 2583 1128 2633 concessimus,
1161 2588 1206 2624 et
1241 2583 1320 2624 hac
1356 2586 1556 2638 praesenti
1591 2587 1708 2624 carta
1738 2587 1882 2624 nostra

363 2641 703 2681 confirmavimus
720 2642 853 2683 Alano
874 2645 1107 2698 Ladyman,
1124 2661 1259 2687 unum
1274 2651 1574 2688 tenementum
1588 2661 1686 2687 cum
1702 2648 1881 2702 gardino

363 2704 579 2755 adjacente
622 2706 665 2744 in
697 2719 780 2758 quo
811 2706 1028 2748 Johannes
1058 2710 1221 2751 Walter
1261 2710 1489 2762 inhabitat,
1524 2711 1718 2764 jacentes
1752 2711 1880 2765 juxta

365 2769 658 2806 tenementum
680 2768 705 2808 J
709 2767 887 2809 ohannis
909 2771 1084 2823 Ayleon'
1104 2773 1149 2813 in
1170 2774 1393 2828 Bondgate
1419 2774 1546 2828 juxta
1566 2773 1745 2828 Rypon’,
1765 2774 1879 2827 quod

366 2841 499 2880 nuper
520 2828 747 2871 habuimus
769 2845 819 2871 ex
841 2833 951 2873 dono
981 2833 1154 2876 Thomae
1185 2837 1238 2876 de
1260 2837 1562 2892 Merkyngfeld
1581 2852 1592 2886 3
1623 2837 1878 2877 Tenendum

367 2894 403 2928 et
431 2889 669 2932 habendum
692 2895 942 2945 praedictum
974 2900 1272 2940 tenementum
1304 2914 1402 2940 eum
1435 2901 1633 2942 omnibus
1665 2901 1750 2940 suis
1781 2913 1876 2953 per-
