1935 3151
28 126 122 173 168
742 143 1017 178 MEMORmLS
1053 143 1111 177 or
1147 144 1304 178 R-lPoN.

259 253 488 307 publicavi,
525 259 570 295 et
610 256 655 295 in
696 254 807 296 hanc
848 255 1066 309 publicam
1103 255 1283 296 formam
1313 254 1478 310 redegi,
1510 257 1716 311 signoque
1749 260 1794 298 et

258 319 432 358 nomine
464 320 573 359 meis
604 321 741 360 solitis
773 324 818 359 et
848 320 1063 359 consuetis
1096 320 1276 374 signavi,
1297 323 1472 374 rogatus
1493 324 1538 360 et
1559 322 1794 375 requisitus

259 382 304 422 in
326 382 455 422 fidem
475 388 520 423 et
541 385 843 424 testimonium
866 384 1061 423 omnium
1083 384 1419 437 praemissorum.

350 445 433 487 The
453 448 648 500 notary’s
670 446 799 488 mark
814 446 855 487 is
878 451 961 487 two
980 446 1243 501 equilateral
1265 441 1480 501 iodaozgyles
1493 446 1794 502 intersectiny,

260 511 560 552 surmozmted
592 510 644 565 by
676 525 705 552 α
736 525 851 552 cross
882 510 978 552 cwzd
1009 510 1229 565 stawdinq
1260 525 1320 552 on
1350 510 1464 552 three
1494 516 1626 567 steps,
1648 526 1707 553 on
1728 510 1795 553 the

261 577 343 614 two
366 573 496 615 lower
527 575 578 630 of
604 573 746 616 which
767 589 843 616 arc
874 573 941 616 the
965 575 1111 616 words
1143 575 1362 617 ,Iohannes
1384 576 1585 618 Altoftes.
1647 577 1707 617 In
1728 575 1795 618 the

261 638 428 680 cento-al
449 638 647 692 hmccgyon
669 638 710 680 is
731 654 761 681 a
783 638 945 695 trefoil.

349 702 941 745 Endorsed.—Instrument.
964 704 1017 745 de
1042 705 1258 745 solucione
1291 704 1320 759 ij
1356 719 1387 745 s.
1420 705 1498 746 vic.
1532 706 1688 759 Ripon.
1720 719 1796 759 pro

261 767 383 807 obitu
406 768 584 808 Henrici
616 768 862 822 Plompton,
896 769 971 808 sol.
1002 782 1078 822 per
1109 769 1161 809 R.
1192 769 1366 822 VVaryn.
1390 768 1516 810 Carta
1538 773 1582 809 et
1603 769 1796 809 evidenc.

257 830 275 885 j
300 845 332 871 s.
355 832 407 872 de
430 831 557 873 domo
578 833 623 872 in
645 833 863 887 Anesgate
886 847 961 886 pro
983 832 1106 873 obitu
1127 833 1306 873 Henrici
1329 833 1564 887 Plumpton
1587 834 1667 874 vic.

264 1014 438 1051 LXXXI.
481 1014 808 1051 FOUNDATION
855 1016 918 1051 OF
966 995 1082 1050 THE*
1119 1015 1367 1050 OHANTRY
1409 1015 1472 1051 OF
1513 1015 1617 1050 THE
1658 1015 1798 1050 HOLY

659 1074 870 1109 TRINITY
904 1074 1119 1109 ‘SUBTUS
1153 1074 1383 1109 ALTARE!

740 1150 1030 1194 (DARNBROUGH
1055 1149 1133 1185 MS.
1161 1150 1333 1194 xxxviii.)

30 1244 99 1265 Μ).
117 1235 202 1265 1466.
352 1226 575 1267 Universis
597 1226 758 1268 Christi
779 1226 979 1267 fidelibus
1011 1230 1245 1280 praesentes
1276 1226 1424 1266 literas
1455 1226 1713 1280 inspecturis
1734 1225 1800 1266 vel

32 1292 164 1360 ssssffiale
264 1292 491 1342 audituris,
512 1292 540 1333 J
542 1290 732 1332 ohannes
755 1291 953 1341 Sendale,
976 1292 1204 1331 canonicus
1225 1292 1270 1330 in
1293 1291 1472 1331 ecclesia
1488 1290 1803 1343 metropolitica

33 1353 175 1400 founders
266 1357 390 1397 Beati
411 1356 531 1397 Petri
553 1357 680 1396 Ebor.
703 1370 750 1396 ac
779 1357 1008 1396 canonicus
1030 1356 1357 1396 residenciarius
1388 1356 1434 1395 in
1466 1355 1644 1396 ecclesia
1673 1355 1802 1394 colle-

264 1421 383 1475 giata
404 1420 457 1460 de
479 1419 647 1473 Ripon',
680 1420 863 1460 salutem
891 1420 937 1460 in
959 1420 1143 1459 Domino
1175 1420 1495 1473 sempiternam.
1559 1418 1667 1459 Cum
1690 1419 1804 1458 inter

266 1488 419 1525 caetera
441 1485 689 1524 salvacionis
722 1488 767 1524 et
797 1484 1080 1538 reparacionis
1111 1482 1311 1524 humanae
1344 1483 1557 1538 suffragia,
1578 1484 1804 1523 missarum

267 1549 516 1599 celebracio,
557 1549 601 1588 in
645 1549 801 1602 quibus
829 1562 905 1602 pro
937 1548 1076 1588 salute
1117 1548 1312 1588 vivorum
1354 1552 1399 1588 et
1439 1548 1586 1601 requie
1627 1547 1805 1587 defunc-

270 1618 412 1653 torum
465 1613 555 1653 Deo
606 1613 725 1653 Patri
772 1613 890 1653 Deus
932 1613 1069 1652 Filius
1110 1612 1374 1667 vigunatur,¹
1416 1613 1472 1652 sit
1512 1625 1598 1665 prae
1639 1612 1804 1651 caeteris

270 1678 438 1717 Divinae
458 1677 758 1717 misericordiae
779 1677 989 1728 allectiva,
1011 1677 1281 1717 meritorium
1303 1677 1392 1717 fore
1418 1676 1599 1716 arbitror
1632 1690 1680 1716 ea
1711 1689 1805 1729 quae

232 1778 233 1781 ,
270 1741 678 1795 multiplicacionem
707 1742 950 1792 missarum,
973 1741 1336 1781 sustentacionem
1367 1740 1682 1794 capellanorum
1716 1739 1807 1779 Deo

271 1807 423 1846 devote
461 1805 785 1857 samulancium,
809 1809 854 1846 et
885 1805 1032 1845 Divini
1066 1805 1209 1845 cultus
1238 1808 1523 1860 augmentum
1554 1804 1806 1858 respiciunt,

272 1875 370 1911 voto
391 1871 588 1924 prosequi
611 1870 833 1925 singulari,
854 1868 956 1909 hinc
978 1873 1042 1910 est
1070 1870 1183 1923 quod
1205 1883 1284 1924 ego
1306 1869 1333 1910 J
1336 1868 1526 1909 ohannes
1549 1868 1732 1909 Sendale
1754 1867 1807 1907 ad

273 1939 424 1975 vestrae
466 1935 760 1975 universitatis
794 1935 998 1975 noticiam
1034 1934 1199 1974 deduco
1229 1936 1567 1987 penpraesentes
1608 1932 1720 1985 quod
1754 1930 1807 1971 de

273 1999 394 2039 bonis
416 1999 724 2052 temporalibus
747 2012 914 2038 summa
934 1998 1214 2051 disposicione
1235 1996 1367 2037 michi
1388 2011 1413 2037 a
1442 1997 1533 2037 Deo
1554 1996 1732 2046 collatis,
1755 1994 1808 2035 ad

273 2063 444 2103 laudem
462 2061 726 2102 ethonorem
750 2062 1069 2115 Omnipotentis
1092 2062 1188 2112 Dei,
1203 2062 1343 2101 Patris
1367 2064 1411 2101 et
1432 2061 1533 2100 Filii
1556 2063 1601 2100 et
1623 2059 1810 2113 Spiritus

277 2127 437 2177 Sancti,
464 2140 511 2166 ac
544 2126 751 2167 Gloriosae
782 2126 976 2180 Virginis
1008 2129 1053 2165 et
1083 2126 1237 2165 Matris
1269 2125 1431 2175 Mariae,
1464 2124 1629 2165 Sanctae
1659 2124 1810 2172 Annae,

278 2191 531 2231 Sanctorum
563 2189 806 2231 Johannis2
838 2193 882 2229 ct
910 2189 1100 2229 Wilfridi
1132 2188 1443 2238 Confessorum,
1465 2201 1630 2228 necnon
1665 2186 1809 2228 Sancti

277 2253 451 2294 Thomae
492 2254 684 2294 Martiris
726 2253 942 2308 quondam
985 2252 1304 2294 Cantuaricnsis
1346 2251 1677 2305 Archiepiscopi,
1718 2264 1810 2290 om-

278 2319 485 2372 niumque
529 2321 775 2358 sanctorum
827 2321 872 2358 et
914 2317 1158 2358 coelestium
1203 2317 1434 2369 spirituum
1477 2315 1715 2365 beatorum,
1756 2313 1811 2354 de

278 2383 456 2422 licencia
497 2382 667 2435 speciali
698 2381 979 2422 illustrissimi
1020 2381 1066 2421 in
1109 2379 1277 2421 Christo
1317 2379 1521 2434 principis
1564 2382 1608 2419 et
1647 2377 1811 2418 domini

49 2459 177 2489 Licence
193 2459 226 2487 0f
279 2447 412 2485 nostri
436 2445 598 2485 domini
620 2446 830 2495 Edwardi,
852 2446 932 2486 Dei
963 2446 1107 2500 gracia
1137 2445 1252 2498 regis
1273 2444 1438 2498 Angliae
1469 2448 1514 2483 et
1545 2443 1735 2483 Franciae
1767 2444 1813 2482 et

48 2498 248 2575 fssgssjfillssjffl
280 2510 444 2550 domini
476 2510 697 2550 Hiberniae
728 2510 910 2549 illustris
940 2510 1130 2564 graciose
1162 2509 1342 2549 obtenta
1372 2522 1419 2548 ac
1449 2520 1660 2557 concessa,
1681 2520 1729 2546 ac
1758 2506 1811 2546 de

50 2577 227 2615 p.1.m.3)
282 2572 624 2613 reverendissimi
666 2574 712 2613 in
754 2572 923 2614 Christo
964 2574 1097 2627 patris
1139 2576 1184 2613 et
1217 2572 1393 2623 domini,
1425 2571 1588 2611 domini
1621 2569 1813 2623 Georgii,

51 2616 248 2693 {ffzhobfishop
281 2637 426 2676 divina.
466 2637 737 2691 providencia
777 2635 1093 2690 Archiepiscopi
1135 2636 1261 2676 Ebor.
1303 2635 1469 2690 Angliae
1511 2634 1727 2684 Primatis,
1769 2635 1814 2672 et

51 2693 185 2724 Neville.
283 2702 533 2754 Apostolicae
567 2701 689 2742 Sedis
721 2701 872 2755 Legati
903 2701 1160 2740 auctoritate
1192 2703 1237 2740 et
1267 2699 1459 2749 licencia,
1488 2697 1584 2747 feci,
1606 2697 1813 2745 ordinavi,

283 2765 412 2815 erexi,
435 2764 624 2814 fundavi,
646 2765 801 2813 creavi,
824 2768 869 2804 et
892 2764 1095 2815 stabilivi,
1116 2778 1164 2804 ac
1186 2763 1307 2814 facio,
1327 2763 1489 2812 ordino,
1512 2762 1642 2816 erigo,
1664 2760 1812 2810 fundo,

632 2855 687 2895 (1)
717 2854 764 2889 So
783 2854 817 2888 in
838 2854 928 2894 MS„
946 2854 1152 2900 apparently
1172 2854 1223 2889 sor
1241 2858 1249 2873 ‘
1263 2853 1460 2888 adunatur!

631 2908 688 2951 (2³3)
716 2906 767 2942 St.
788 2907 882 2941 John
903 2908 941 2941 os
957 2907 1138 2952 Bevcrley.
