1915 3068
407 124 640 158 Excnnr‘rs
677 123 806 156 FRoM
842 123 1147 166 CHRONICLES,
1185 124 1279 156 Ero.
1779 111 1839 159 79

69 238 221 292 brigge
244 240 288 277 et
310 237 414 277 alias
436 236 640 290 quasdam
663 236 784 276 villas
813 237 857 275 in
880 249 955 276 suo
977 236 1165 275 transitu
1186 235 1532 285 combusserunt,
1555 237 1600 274 et
1640 240 1754 271 Towns

69 316 205 355 usque
227 302 280 341 ad
302 301 447 341 villam
463 301 633 355 Ripoun
648 303 959 354 processerunt,
978 303 1023 340 et
1036 300 1182 340 villam
1196 300 1315 339 illam
1333 299 1386 339 de
1404 299 1603 339 omnibus
1640 281 1773 310 burned.

69 367 191 406 bonis
213 380 307 419 quae
329 366 522 405 invenire
544 369 745 418 poterant
769 365 1073 418 spoliaverunt,
1096 369 1141 404 et
1168 365 1220 404 ab
1250 365 1336 403 illis
1359 364 1433 416 qui
1454 364 1605 403 matri-
1640 369 1744 407 Ripon

69 445 162 470 cem
186 430 409 470 ecclesiam
431 430 699 469 intraverant
722 433 766 469 et
797 443 891 469 eam
917 432 1065 468 contra
1097 429 1342 469 Scottorum
1365 428 1603 468 exercitum
1640 408 1819 447 plundered.

69 494 358 534 defenderunt
379 494 497 532 mille
520 507 682 533 marcas
704 496 959 546 receperunt
980 507 1035 532 ne
1054 493 1199 532 villam
1221 493 1358 546 ipsam
1381 492 1605 531 combure-

69 562 165 598 rent
182 573 193 608 3
226 561 271 598 et
307 558 365 597 sic
401 561 497 610 post
530 561 617 597 tres
653 558 743 596 dies
777 557 933 610 quibus
966 557 1027 596 ibi
1063 557 1291 611 jacuerant
1333 557 1605 596 diverterunt

69 636 206 675 usque
233 620 556 676 Knaresburgh,
578 626 623 661 et
654 621 801 660 villam
833 621 1033 661 incendia
1064 622 1387 672 destruxerunt,
1410 624 1455 660 et
1478 621 1605 659 silvas

69 686 188 726 illius
220 686 385 739 patriae,
407 685 459 725 ad
482 699 587 739 quas
619 684 815 725 homines
848 699 947 724 cum
978 685 1203 739 pecoribus.
1231 686 1318 725 suis
1339 698 1415 739 pro
1436 684 1606 739 refugio

69 749 267 790 habendo
288 749 585 803 confugerant,
607 750 864 803 perscrutati
888 753 1003 800 sunt,
1027 753 1071 789 et
1090 763 1242 803 pecora
1264 752 1537 803 acceperunt,
1561 752 1606 788 et

71 815 129 854 sio
150 828 225 867 per
248 814 394 853 villam
416 814 469 853 de
494 813 719 867 Skyptoun
741 814 786 853 in
811 813 988 864 Craven,
1010 827 1139 867 quam
1156 815 1296 867 primo
1314 813 1606 867 spoliaverunt

70 880 116 917 et
155 880 303 930 postea
338 877 683 927 combusserunt,
720 881 764 917 et
807 891 883 930 per
917 878 1109 917 medium
1145 878 1263 917 illius
1297 880 1421 917 terrae
1457 891 1605 917 versus

70 942 259 982 Scotiam
280 942 517 992 redierunt,
540 940 746 981 facientes
769 941 930 994 ubique
947 942 1159 992 incendia,
1175 945 1220 981 et
1241 941 1605 981 innumerabilem

70 1006 191 1059 quasi
221 1005 555 1045 multitudinem
589 1019 791 1059 pecorum
827 1005 1090 1045 abducentes
1119 1010 1164 1046 et
1195 1006 1385 1058 captivos
1417 1006 1527 1045 viros
1561 1008 1605 1044 et

70 1070 288 1120 mulieres,
311 1073 356 1109 et
377 1083 584 1123 pauperes
606 1083 682 1123 pro
702 1070 925 1122 pecoribus
947 1070 1188 1124 abigendis,
1203 1083 1340 1123 usque
1355 1070 1401 1109 in
1416 1069 1605 1110 Scotiam

71 1134 162 1174 sine
184 1134 302 1174 omni
323 1134 568 1174 resistentia
588 1134 895 1187 perduxerunt.

474 1302 614 1337 LEVY
648 1301 875 1337 AGAINST
908 1302 1012 1336 THE
1047 1301 1207 1337 SCOTS.

277 1381 426 1417 Romu
452 1381 609 1426 Soom,
628 1382 650 1418 7
667 1382 736 1417 Ed.
753 1382 824 1417 ΙΙΙ.
843 1383 912 1417 vol.
931 1382 952 1417 i.
971 1394 1004 1429 p.
1023 1383 1093 1417 236
1107 1382 1130 1417 b
1152 1382 1320 1427 (Membr.
1340 1383 1416 1428 25).

158 1461 250 1501 Rex
271 1461 516 1501 vicecomiti
546 1461 672 1502 Ebor.
696 1475 744 1501 ac
766 1462 966 1501 omnibus
987 1462 1082 1502 aliis
1105 1462 1289 1514 ballivis,
1311 1463 1539 1514 ministris,
1563 1465 1609 1503 et
1641 1469 1814 1499 Α.1>.1333.

72 1525 272 1565 fidelibus
296 1526 383 1565 suis
405 1526 458 1566 de
479 1525 680 1565 libertate
712 1526 868 1579 Ripon‚
891 1527 1090 1567 salutem.
1154 1527 1264 1575 Quia
1294 1527 1606 1578 intelleximus,
1642 1525 1754 1554 F01‘Cess
1772 1530 1805 1555 ‘⁰

74 1594 157 1630 etc.
183 1589 319 1645 [quod
334 1590 451 1630 Scoti
472 1589 638 1629 inimici
660 1593 705 1630 et
725 1590 907 1630 rebelles
928 1592 1065 1631 nostri
1080 1592 1125 1631 in
1142 1605 1300 1645 magna
1320 1593 1608 1632 multitudine
1641 1565 1844 1640 {Effiffis‘ihe

72 1655 323 1708 congregati
363 1667 549 1708 regnum
589 1657 787 1693 nostrum
823 1653 915 1708 jam
952 1656 1005 1695 de
1036 1669 1147 1695 novo
1180 1654 1398 1696 hostiliter
1438 1657 1609 1710 ingredi
1642 1643 1845 1721 ῗξζῒῖἰίζή),

73 1721 321 1771 proponunt
342 1718 396 1758 ad
417 1718 530 1757 mala
562 1721 606 1758 et
627 1717 814 1758 facinora
844 1719 1007 1759 ibidem
1027 1734 1104 1773 pro
1124 1720 1286 1760 viribus
1308 1722 1609 1773 perpetranda,
1642 1722 1676 1751 0f
1694 1722 1808 1760 Ripon.

73 1782 177 1834 Nos,
204 1783 397 1822 volentes
430 1783 622 1836 ipsorum
656 1783 930 1823 inimicorum
964 1788 1209 1824 nostrorum
1245 1785 1427 1825 maliciae
1455 1786 1501 1824 in
1530 1784 1608 1825 hac

72 1850 194 1899 parte
216 1846 401 1893 obviare,
418 1850 463 1886 et
485 1846 714 1886 salvacioni
731 1847 880 1900 populi
902 1849 1038 1887 nostri
1059 1849 1390 1901 circumquaque
1413 1853 1464 1889 ut
1485 1853 1609 1889 tene-

72 1923 171 1950 mur
186 1908 430 1965 providere]
449 1913 501 1950 ut
517 1923 663 1964 supra
679 1924 821 1964 usque
842 1909 922 1960 iba,
939 1912 1264 1965 Assignavimus
1285 1913 1463 1952 dilectos
1485 1913 1608 1953 nobis

71 1974 314 2014 Walterum
330 1975 383 2014 de
402 1975 565 2027 Kerby‚
579 1975 850 2014 Willelmum
865 1976 918 2015 de
935 1976 1058 2026 Bere,
1073 1979 1118 2015 et
1132 1976 1158 2016 J
1162 1975 1377 2016 ohannem
1392 1977 1432 2016 le
1446 1977 1610 2017 Vauas-

72 2051 169 2078 sour
189 2038 457 2092 conjunctim
479 2042 524 2077 et
545 2038 718 2078 divisim
739 2039 792 2078 ad
813 2039 1022 2079 arraiand.
1039 2053 1188 2079 omnes
1210 2038 1406 2080 homines
1424 2041 1476 2080 ad
1493 2054 1610 2080 arma

72 2102 182 2142 infra
198 2102 446 2142 libertatem
459 2102 723 2155 praedictam,
738 2106 829 2142 tam
843 2103 1006 2142 milites
1020 2117 1149 2156 quam
1163 2103 1282 2154 alios,
1293 2107 1338 2144 et
1351 2104 1405 2144 ad
1420 2104 1607 2158 eligend.

71 2166 182 2206 infra
211 2166 459 2206 libertatem
490 2166 609 2205 illam
636 2166 820 2220 triginta
841 2166 1082 2207 hobelarios
1101 2167 1111 2191 ¹
1145 2174 1189 2208 et
1211 2172 1389 2208 centum
1411 2167 1608 2208 homines

73 2231 257 2283 pedites,
288 2233 378 2270 tam
413 2230 655 2284 sagittarios
686 2244 817 2283 quam
851 2231 956 2270 alios
990 2231 1044 2271 de
1073 2232 1350 2272 validioribus
1383 2235 1427 2272 et
1458 2236 1609 2285 poten-

73 2294 258 2334 cioribus
282 2293 532 2334 hominibus
563 2294 777 2334 libertatis
809 2295 1038 2348 praedictae,
1062 2299 1106 2335 et
1127 2296 1180 2335 ad
1209 2296 1323 2348 ipsos
1354 2294 1608 2346 hobelarios,

74 2358 332 2412 sagittarios,
355 2361 399 2398 et
416 2358 520 2397 alios
536 2356 733 2398 homines
751 2358 919 2411 pedites
936 2359 1066 2398 armis
1082 2359 1429 2412 competentibus
1447 2360 1608 2399 muniri

72 2419 334 2472 faciendum,
354 2422 417 2461 ita
437 2421 550 2474 quod
573 2435 721 2461 omnes
742 2420 939 2462 homines
961 2423 1168 2475 praedicti,
1189 2426 1282 2462 tam
1295 2423 1458 2462 milites
1479 2437 1608 2476 quam

71 2484 159 2535 alii,
181 2485 290 2525 bene
311 2485 484 2524 arraiati
506 2488 550 2525 et
572 2486 733 2525 muniti
754 2487 943 2539 prompti
967 2487 1054 2526 sint
1075 2490 1121 2526 et
1141 2487 1279 2539 parati
1301 2501 1353 2526 ex
1373 2487 1607 2540 praemuni-

72 2549 190 2588 tione
223 2549 358 2588 trium
390 2549 559 2588 dierum
601 2549 654 2589 ad
685 2549 1061 2602 profisciscendum
1097 2551 1250 2590 exinde
1286 2564 1386 2590 cum
1418 2550 1608 2603 praefatis

73 2611 281 2663 VValtero,
302 2612 537 2662 Willelmo,
569 2616 614 2652 et
645 2611 858 2663 Johanne,
884 2613 953 2653 vel
985 2627 1132 2654 eorum
1163 2614 1306 2667 aliquo
1337 2628 1442 2667 quos
1473 2615 1608 2668 assig-

146 2726 201 2771 (1)
228 2725 384 2760 Hoblers
409 2737 449 2760 or
472 2725 638 2769 hobilers,
664 2726 757 2771 light
782 2726 980 2769 homemen,
1007 2739 1046 2761 or
1070 2727 1205 2761 certain
1236 2731 1382 2762 tenants
1408 2727 1530 2762 bound
1560 2727 1608 2774 by

74 2777 169 2812 their
193 2782 317 2813 tenure
342 2782 379 2812 to
405 2778 580 2812 maintain
605 2790 625 2812 a
650 2778 745 2814 little
770 2779 864 2825 light
889 2780 1003 2822 horse,
1021 2779 1076 2814 for
1099 2780 1221 2825 giving
1238 2779 1354 2814 notice
1372 2780 1412 2814 of
1432 2780 1607 2823 invasion,

74 2829 257 2864 ete—See
274 2829 415 2865 Jacob's
432 2830 520 2865 Law
536 2831 632 2864 Diet.
651 2842 677 2865 S.
696 2843 729 2865 v.
780 2831 950 2876 Ducange
978 2837 1146 2867 connects
1175 2831 1203 2866 it
1233 2831 1322 2866 with
1352 2843 1418 2866 our
1443 2832 1608 2878 ‘hobby'

78 2892 118 2915 01·
136 2881 382 2928 hobby—horse.
