1935 3151
582 152 807 187 ORIGINAL
843 152 1131 185 DOCUMENTS.

93 265 144 306 de
183 262 442 316 Wodehous‚
479 265 698 305 Francone
739 265 792 305 de
831 265 1042 319 Barneby,
1078 268 1124 305 et
1163 264 1327 305 Thoma
1369 266 1421 306 de
1460 265 1624 316 Salcok,

92 331 252 369 virtute
299 330 608 369 commissionis
654 329 819 369 domini
860 329 991 383 Regis
1026 330 1192 383 Angliae
1233 334 1279 370 et
1325 330 1530 381 Francize,
1571 330 1624 370 ad

91 394 354 433 visitandum
389 392 600 447 hospitale
635 393 782 434 Sancti
816 392 1026 433 Johannis
1060 394 1112 433 de
1142 394 1295 447 Ripon’
1323 395 1624 434 commissariis

91 457 170 497 sub
196 462 312 497 certa
340 457 474 497 forma
503 457 736 509 deputatiS,
765 457 834 496 die
869 458 1074 497 Mercurii
1108 459 1299 511 proxima
1333 463 1434 498 ante
1463 458 1624 498 festum

90 521 343 560 Nativitatis
366 521 510 560 Beatae
532 521 680 560 Mariae
696 521 900 574 Virginis,
918 535 1029 560 anno
1051 523 1172 575 regni
1186 523 1291 562 dicti
1309 522 1473 562 domini
1492 522 1624 576 Regis

1761 141 1855 190 217

1660 271 1754 300 taken

1660 311 1745 349 Sept.
1761 312 1788 340 5.

90 584 256 638 Angliae
278 585 611 638 quintodecimo,
633 586 753 639 regni
778 599 876 624 vero
899 587 964 625 sui
997 586 1185 626 Franciae
1209 587 1407 637 secunde,
1430 587 1474 626 in
1506 587 1623 626 dicto
1693 598 1732 616 Ἣ

90 646 293 702 hospitali
335 663 409 702 per
451 648 692 689 Johannem
729 649 781 688 de
820 648 1050 699 Shirewod,
1078 650 1310 690 Ricardum
1341 650 1394 690 de
1427 650 1623 700 Tanfeld,

90 711 309 766 Rogerum
339 713 393 753 de
425 711 684 762 Clotherom,
717 712 960 752 Johannem
992 714 1031 753 le
1055 713 1229 753 Walker
1261 714 1486 763 seniorem,
1520 715 1621 754 Ber-

89 777 272 816 nardum
315 777 445 826 Gille,
487 775 730 816 Johannem
772 776 982 830 Frankys,
1024 778 1255 818 Ricardum
1297 778 1336 818 le
1389 777 1619 831 Shephird,

90 838 311 879 Serlonem
342 840 381 880 le
418 839 605 890 XValker,
638 840 824 879 Alanum
858 841 1049 892 Gotson’,
1082 842 1315 882 Ricardum
1343 843 1395 882 de
1428 842 1622 892 Couton’,

89 903 320 944 Ricardum
338 904 391 943 de
411 904 564 954 Stowe,
583 908 625 943 et
643 904 670 944 J
673 903 884 944 ohannem
900 905 1123 958 NVaryner,
1134 905 1302 959 juratos
1325 910 1366 946 et
1390 906 1623 961 diligenter

87 968 330 1020 requisitos.
393 968 474 1016 Qui
507 968 657 1008 dicunt
685 976 761 1021 per
793 972 1107 1009 sacramentum
1141 984 1265 1009 suum
1288 971 1400 1023 quod
1422 971 1621 1010 dominus

88 1030 356 1071 Thurstanus
388 1045 526 1085 nuper
557 1032 683 1072 Ebor.
715 1031 1071 1086 Archiepiscopus
1102 1033 1301 1074 fundavit¹
1332 1035 1497 1074 dictum
1526 1033 1624 1074 hos-

87 1095 218 1147 pitale
253 1095 398 1136 Sancti
429 1094 655 1146 Johannis,
689 1099 732 1135 et
765 1097 877 1149 quod
914 1097 1086 1137 collacio
1123 1097 1317 1151 ejusdem
1348 1099 1538 1151 pertinet
1569 1099 1623 1139 ad

87 1157 466 1212 Archiepiscopum
488 1160 613 1199 Ebor.
637 1161 711 1213 qui
742 1174 819 1213 pro
849 1163 1042 1213 tempore
1063 1161 1209 1213 fuerit,
1236 1166 1294 1212 et,
1318 1162 1416 1202 sede
1447 1160 1623 1201 Arc-hie-

86 1224 291 1276 piscopali
312 1227 504 1274 vacante,
526 1224 579 1264 ad
600 1224 824 1264 dominum
852 1228 1048 1264 nostrum
1079 1226 1244 1280 Regem
1265 1226 1431 1280 Angliae
1452 1226 1622 1265 racione

87 1287 389 1340 temporalium
409 1287 808 1341 Archiepiscopatus
829 1289 1022 1342 praedicti
1038 1290 1083 1329 in
1101 1303 1233 1329 manu
1248 1289 1441 1343 ejusdem
1456 1289 1621 1329 domini

87 1352 221 1391 nostri
244 1352 389 1406 Regis,
415 1352 514 1392 sede
538 1356 583 1391 ut
608 1353 889 1405 praemittitur
910 1357 1099 1403 vacante,
1115 1355 1412 1394 existencium.
1459 1353 1620 1394 Dicunt

88 1416 223 1455 eciam
245 1416 357 1469 quod
380 1415 593 1455 Robertus
614 1416 667 1455 de
691 1415 866 1469 Otteley
892 1420 959 1456 est
983 1423 1125 1457 custos
1157 1419 1245 1458 sive
1276 1419 1484 1472 magister
1515 1414 1622 1457 dicti

86 1477 325 1532 hospitalis,
367 1493 417 1519 ex
455 1479 684 1519 collacione
721 1480 883 1520 domini
916 1481 1123 1521 willelmi
1157 1482 1209 1522 de
1251 1482 1435 1531 Melton,
1477 1481 1623 1520 ultimi

86 1543 214 1584 Ebor.
265 1542 582 1597 Archiepiscopi
628 1543 718 1597 jam
772 1543 980 1595 defuncti,
1033 1549 1078 1585 et
1129 1546 1241 1599 quod
1291 1546 1505 1586 Robertus
1558 1548 1623 1585 est

86 1607 233 1647 laicus.
295 1607 411 1647 Item
451 1608 603 1647 dicunt
643 1608 757 1661 quod
798 1608 964 1648 dictum
997 1608 1208 1663 hospitale
1240 1610 1414 1650 dotatur
1456 1622 1508 1649 ex
1547 1622 1624 1648 an-

88 1671 211 1724 tiquo
261 1671 315 1711 de
366 1684 453 1711 uno
503 1671 724 1725 mesuagio
775 1674 820 1711 et
869 1686 956 1712 11113
1007 1677 1205 1713 carucata
1255 1677 1379 1713 terrae
1429 1672 1622 1712 arrabilis

88 1736 201 1788 apud
235 1735 501 1782 Havercroft‚
533 1749 632 1775 cum
663 1738 783 1788 prato
824 1739 866 1776 et
909 1736 1035 1776 bosco
1076 1738 1216 1778 eidem
1248 1738 1469 1790 mesuagio
1505 1736 1624 1789 adja-

88 1800 302 1850 centibus,
334 1804 380 1839 et
410 1799 549 1839 tribus
577 1800 683 1839 acris
714 1803 839 1839 terrae
864 1801 978 1854 apud
1012 1800 1150 1841 South
1181 1800 1409 1854 Allerwyk,
1431 1804 1475 1840 et
1497 1801 1623 1853 quin-

88 1864 295 1917 quaginta
325 1864 431 1903 acris
462 1867 586 1903 terrae
616 1864 730 1916 apud
755 1863 970 1917 Stodeley,
992 1879 1086 1918 quae
1115 1865 1261 1905 valent
1281 1864 1505 1904 annuatim
1528 1867 1623 1903 octo

87 1940 263 1967 marcas.
340 1928 454 1967 Item
498 1927 662 1977 dicunt,
703 1928 816 1980 quod
858 1932 1005 1981 postea
1050 1930 1296 1982 perquisitae
1338 1931 1440 1968 sunt
1480 1928 1621 1967 eidem

88 1989 292 2044 hospitali
327 1992 510 2046 triginta
542 2005 647 2031 acrae
684 2005 781 2030 cum
820 2005 905 2032 uno
945 1994 1166 2046 mesuagio
1196 1994 1241 2032 in
1275 1992 1494 2046 Staynley,
1527 2005 1621 2044 quae

88 2055 235 2094 valent
255 2056 479 2094 annuatim
501 2055 604 2095 duas
635 2069 809 2095 marcas.
870 2056 984 2096 Item
1017 2057 1168 2096 dicunt
1199 2071 1274 2110 per
1306 2058 1621 2096 sacrament-um

90 2131 232 2168 suum,
254 2119 367 2172 quod
388 2120 623 2172 perquisita
644 2123 709 2159 est
732 2119 873 2159 eidem
903 2118 1105 2173 hospitali
1131 2135 1217 2161 una
1247 2121 1401 2161 bovata
1422 2123 1547 2158 terrae
1573 2119 1620 2157 in

88 2182 272 2232 Ecston’,
291 2196 384 2236 quae
403 2183 517 2222 valet
537 2197 612 2236 per
627 2197 787 2222 annum
805 2184 995 2237 quinque
1018 2184 1187 2224 solidos.
1221 2185 1348 2234 Item,
1366 2189 1452 2223 tres
1469 2183 1620 2222 domus

89 2247 135 2286 in
157 2246 322 2300 Rypon’
344 2260 395 2286 ex
420 2248 614 2300 opposito
645 2247 751 2287 dicti
781 2246 1006 2301 hospitalis
1039 2249 1222 2298 situatae,
1254 2262 1348 2301 quae
1380 2246 1521 2286 valent
1546 2259 1620 2299 per

89 2324 251 2350 annum
272 2311 518 2363 quindecim
541 2311 709 2351 solidos.
771 2312 899 2361 Item,
922 2325 1007 2350 una
1032 2325 1126 2351 acra
1157 2316 1280 2351 terrae
1306 2311 1432 2364 juxta
1454 2311 1619 2350 dictum

89 2372 315 2427 hospitale,
337 2388 431 2427 quae
452 2374 564 2414 valet
587 2388 662 2428 per
683 2388 844 2414 annum
866 2376 1022 2429 viginti
1045 2362 1250 2415 denarios.
1303 2376 1431 2424 Item,
1453 2374 1618 2414 dictum

89 2435 300 2490 hospitale
321 2438 495 2477 dotatur
516 2438 569 2478 de
590 2439 723 2478 tercia
743 2442 863 2491 parte
885 2438 1061 2478 decimae
1082 2439 1310 2492 garbarum
1331 2438 1511 2478 duarum
1529 2438 1619 2491 pla-

90 2514 259 2540 cearum
287 2505 409 2541 terrae
437 2502 628 2541 arrabilis
654 2503 846 2542 manerio
866 2502 919 2542 de
941 2501 1143 2542 Whitclif
1169 2503 1500 2556 pertinencium,
1523 2515 1617 2554 quae

89 2568 293 2604 vocantur
314 2564 627 2619 Gerardleghes
644 2568 688 2604 et
704 2563 959 2616 Thikelond,
977 2580 1027 2606 ex
1043 2567 1220 2619 antiqua
1236 2566 1506 2614 fundacione,
1523 2579 1617 2618 quae

89 2627 234 2667 valent
254 2641 366 2667 anno
379 2642 463 2681 quo
484 2629 608 2668 dictae
629 2629 786 2681 placeae
804 2630 1070 2669 seminantur
1083 2630 1307 2670 duodecim
1326 2629 1493 2678 solidos,
1516 2630 1616 2680 quia

91 2691 280 2743 quolibet
301 2693 434 2732 tercio
455 2705 566 2731 anno
583 2705 668 2731 non
690 2693 970 2733 seminantur.
1017 2694 1146 2743 Item,
1168 2694 1221 2733 de
1242 2693 1415 2732 redditu
1436 2692 1618 2745 triginta

91 2753 361 2794 denariorum
375 2769 518 2795 annuo
531 2756 584 2795 de
607 2756 731 2795 domo
746 2756 955 2796 willelmi
969 2757 1010 2796 N
1013 2756 1171 2797 evouth
1186 2758 1229 2796 in
1249 2755 1401 2808 Ripon'
1419 2760 1617 2796 exeunte.

93 2817 221 2867 Item,
235 2819 510 2873 curtilagium
527 2819 630 2858 dicti
647 2817 870 2872 hospitalis
884 2821 999 2860 valet¹
1015 2834 1088 2873 per
1102 2834 1263 2860 annum
1282 2820 1430 2858 decem
1449 2819 1617 2860 solidos,

92 2881 221 2931 Item,
242 2881 347 2921 dicti
363 2882 497 2935 jurati
519 2897 594 2936 per
617 2887 933 2924 sacramentum
955 2898 1080 2925 suum
1102 2884 1299 2937 requisiti
1315 2883 1365 2923 ad
1383 2897 1476 2936 quae
1490 2897 1620 2924 onera

1658 980 1801 1010 Verdict.

1657 1361 1772 1391 Robert
1789 1362 1828 1392 de

1656 1401 1786 1439 Ottcley

1656 1440 1769 1476 keeper
1783 1450 1820 1469 οι-

1655 1484 1772 1508 master
1787 1479 1822 1508 of

1656 1519 1710 1547 the
1728 1519 1796 1547 hos—

1655 1558 1746 1595 pital.

1653 2381 1718 2410 The
1735 2381 1804 2411 hos-

1653 2421 1731 2457 pital
1750 2422 1777 2449 is

1651 2460 1801 2488 eudowed

1650 2498 1729 2527 with
1746 2499 1853 2528 tithes.
