1935 3151
622 159 849 196 ORIGINAL
884 157 1174 192 DOCUMENTS.

129 286 218 314 non
258 276 386 324 essct,
431 272 545 326 quod
586 272 749 313 ibidem
790 271 1005 312 inveniret
1056 283 1225 323 semper
1275 269 1382 309 duos
1433 268 1673 322 capellanos

136 338 283 378 divina
323 338 480 378 cotidie
522 337 822 387 celebraturos,
854 340 900 377 et
931 335 1094 375 ibidem
1131 334 1288 374 cotidie
1322 337 1575 382 moraturos,
1612 333 1675 372 ita

136 402 251 456 quod
283 401 512 455 praedictus
544 405 686 442 custos
718 401 945 441 aunuatim
973 400 1018 439 in
1048 399 1118 439 die
1152 399 1298 438 Beatae
1328 398 1474 437 Mariae
1496 397 1674 449 Magda-

133 466 242 506 lenae
264 465 421 505 faceret
445 465 659 518 quandam
676 465 1030 504 distribucionem
1052 463 1394 517 quibuscumque
1416 461 1674 515 pauperibus

135 530 299 570 ibidem
331 529 622 579 venientibus,
654 529 857 568 videlicet
888 528 1069 567 cuilibet
1100 540 1247 567 eorum
1279 526 1332 566 de
1363 539 1451 565 uno
1488 538 1597 578 pane
1631 528 1676 564 et

134 608 220 636 uno
241 593 388 643 allece,
412 597 456 632 et
477 594 590 646 quod
612 592 773 633 faceret
794 592 952 633 cotidie
975 605 1051 644 per
1072 595 1215 630 totum
1237 604 1400 630 annum
1421 590 1675 629 elemosinas

138 657 376 697 secundum
407 656 660 697 facultatem
692 670 827 707 suam,
850 660 896 696 et
927 657 1063 696 eciam
1094 654 1208 708 quod
1230 654 1390 694 faceret
1420 654 1564 693 omnia
1594 653 1677 692 alia

135 734 264 760 onera
284 734 378 773 quae
399 721 593 774 praedicti
613 720 767 761 fratres
789 724 835 760 et
857 733 1019 759 sorores
1040 719 1086 758 in
1109 720 1248 773 prima
1265 717 1521 758 fundacione
1536 717 1675 757 facere

135 790 468 836 consueverunt,
484 790 529 825 et
544 786 658 839 quod
679 785 909 839 praedictus
924 788 1065 823 custos
1080 784 1243 823 ibidem
1260 783 1481 822 resideret.
1514 782 1677 821 Dicunt

137 850 272 888 eciam
307 849 421 902 quod
457 863 543 889 non
578 853 680 889 sunt
712 849 796 889 alia
827 862 956 889 onera
986 848 1102 888 dicto
1134 846 1337 901 hospitali
1368 846 1597 900 tangencia
1625 860 1676 885 ex

138 916 275 968 prima
296 915 552 955 fundacione
576 929 665 956 sua.
726 915 943 968 Requisiti
967 915 1001 954 si
1023 914 1213 954 cantaria
1241 913 1443 966 praedicta
1465 913 1677 952 sustineat

137 993 289 1029 necne,
321 979 472 1019 dicunt
492 980 605 1033 quod
626 993 713 1020 non
734 980 820 1020 nisi
842 993 916 1032 per
938 992 1075 1018 unum
1101 978 1383 1031 capellanum,
1406 978 1480 1030 qui
1502 977 1676 1030 quidem

136 1044 382 1096 capellanus
413 1045 576 1085 ibidem
607 1058 694 1085 non
725 1044 900 1084 residet.
963 1043 1179 1096 Requisiti
1213 1043 1247 1082 si
1279 1042 1509 1096 praedictus
1532 1045 1675 1081 custos

137 1107 303 1147 ibidem
334 1108 520 1148 resideat
550 1122 702 1158 necne,
724 1109 875 1148 dicunt
906 1107 1019 1161 quod
1040 1120 1142 1157 non,
1167 1110 1232 1146 set
1264 1105 1377 1159 quod
1400 1110 1541 1145 custos
1573 1105 1674 1145 alibi

137 1175 328 1211 moratur
351 1176 395 1212 et
416 1173 526 1212 bona
546 1171 770 1226 hospitalis
792 1172 1027 1225 dispendit,
1044 1172 1133 1222 ubi,
1156 1172 1377 1224 ignorant3
1401 1170 1617 1223 Requisiti
1640 1170 1674 1209 si

139 1236 344 1289 praedicta
366 1237 619 1277 distribucio
650 1237 726 1276 fiat
756 1250 907 1286 necne,
939 1236 1092 1276 dicunt
1123 1236 1234 1288 quod
1259 1235 1330 1276 sic.
1391 1235 1606 1288 Requisiti
1640 1235 1675 1273 si

139 1299 293 1353 aliquae
315 1301 409 1341 aliae
432 1301 674 1341 elemosinae
705 1301 868 1340 ibidem
899 1300 1014 1340 fiunt
1044 1313 1120 1353 per
1151 1300 1406 1353 praedictum
1438 1299 1674 1348 custodem,

140 1365 295 1405 dicunt
313 1367 425 1418 quod
446 1380 547 1407 non.
609 1367 825 1419 Requisiti
855 1366 889 1406 si
921 1366 1041 1405 caecis
1074 1365 1323 1418 presbiteris
1345 1365 1419 1404 fiat
1442 1364 1676 1404 elemosina

140 1433 192 1470 ut
235 1430 489 1483 praedictum
530 1434 611 1481 est,
642 1431 792 1470 dicunt
834 1430 948 1484 quod
990 1430 1064 1470 sic.
1126 1429 1341 1482 Requisiti
1385 1429 1420 1469 si
1462 1429 1674 1482 praedictis

139 1493 317 1547 leprosis
349 1498 438 1534 tam
470 1495 744 1535 intrincecis¹
777 1508 907 1549 quam
944 1494 1220 1534 extrincesisl
1253 1493 1330 1533 fiat
1361 1493 1594 1533 elemosina
1624 1496 1675 1532 ut

139 1559 394 1612 praedictum
417 1565 496 1611 est,
519 1565 565 1601 et
588 1562 622 1601 si
643 1562 794 1601 domus
815 1562 859 1601 in
879 1575 962 1614 qua
981 1561 1137 1600 morari
1158 1560 1321 1600 debent
1343 1561 1400 1600 sit
1420 1564 1613 1613 reparata
1631 1564 1676 1600 et

139 1623 286 1664 debite
328 1630 528 1678 cooperta
569 1630 614 1666 et
656 1629 912 1675 sustentata,
954 1625 1106 1664 dicunt
1148 1625 1261 1677 quod
1302 1624 1454 1663 domus
1490 1624 1563 1663 illa
1599 1637 1676 1676 per

141 1700 350 1741 magnum
385 1694 558 1742 tempus
595 1689 738 1729 ablata
775 1693 854 1739 est,
890 1692 936 1728 et
967 1689 1081 1741 quod
1118 1688 1170 1727 de
1208 1688 1281 1727 illa
1318 1688 1549 1727 elemosina
1589 1686 1674 1727 hiis

140 1751 292 1791 diebus
315 1766 393 1792 nec
421 1767 497 1806 per
527 1767 734 1808 magnum
767 1757 938 1806 tempus
960 1753 1230 1805 praeteritum
1261 1752 1476 1805 aliquibus
1498 1751 1674 1805 leprosis

141 1815 216 1856 fit:
249 1820 391 1856 custos
423 1821 570 1857 autem
601 1816 823 1870 hospitalis
855 1817 1047 1870 praedicti
1078 1816 1230 1856 absens
1253 1815 1338 1855 fuit
1360 1820 1406 1855 et
1426 1829 1511 1854 non
1533 1829 1672 1855 coram

141 1878 263 1918 nobis
285 1881 538 1933 comparuit,
561 1894 639 1920 nec
662 1881 815 1933 aliquis
838 1884 1080 1920 attornatus
1102 1893 1178 1932 pro
1201 1893 1244 1918 se
1278 1879 1351 1932 qui
1373 1879 1496 1918 nobis
1519 1880 1674 1932 scripta

140 1942 208 1982 vel
260 1944 532 1984 munimenta
573 1945 840 1984 fundacionis
882 1943 1104 1997 hospitalis
1147 1943 1337 1996 praedicti
1380 1943 1675 1982 demonstrare

138 2006 289 2048 voluit.
351 2008 403 2047 In
436 2009 560 2062 cujus
594 2009 657 2048 rei
690 2009 989 2048 testimonium
1023 2007 1217 2060 praedicti
1246 2007 1382 2060 jurati
1420 2007 1562 2060 sigilla
1598 2021 1673 2047 sua

141 2068 241 2110 huic
273 2072 546 2125 inquisicioni
577 2076 881 2127 apposuerunt.
943 2073 1040 2112 Dat.
1072 2072 1187 2125 apud
1209 2071 1376 2125 Ripon’,
1398 2071 1468 2111 die
1496 2076 1541 2110 et
1562 2085 1677 2110 anno

141 2136 411 2188 supradictis

230 2199 382 2240 Brevia
412 2201 627 2254 praedictis
660 2200 852 2251 Custodi,
882 2200 1101 2250 fratribus,
1135 2200 1361 2248 sororibus,
1385 2203 1429 2239 et
1461 2200 1673 2239 ministris

140 2260 365 2316 hospitalis
396 2265 624 2318 praedictae,
646 2279 693 2304 ac
726 2266 861 2305 eciam
891 2265 1147 2304 Viceconiiti
1179 2264 1305 2303 Ebor.
1328 2264 1380 2303 de
1413 2277 1504 2303 esse
1531 2264 1676 2303 inten-

143 2325 297 2377 denda,
319 2333 569 2369 remaneant
590 2329 746 2369 affilata
767 2330 882 2368 inter
903 2328 1093 2367 Recorda
1114 2328 1165 2367 de
1188 2341 1300 2367 anno
1321 2327 1486 2367 decimo
1506 2341 1632 2367 nono.

231 2392 288 2432 Et
319 2394 444 2433 modo
474 2408 617 2434 coram
648 2395 821 2434 domino
853 2394 971 2447 Rege
1001 2394 1122 2432 venit
1143 2393 1372 2446 praedictus
1394 2391 1611 2432 Johannes
1633 2393 1673 2433 le

145 2453 300 2506 Smale,
334 2461 378 2497 et
409 2458 513 2498 dicit
544 2459 657 2512 quod
693 2458 892 2498 dominus
927 2457 1019 2496 Rex
1055 2457 1175 2496 dedit
1212 2460 1257 2496 et
1288 2457 1497 2497 concessit
1533 2458 1673 2497 eidem

142 2517 330 2560 Johanni
380 2523 620 2562 custodiam
672 2521 896 2575 hospitalis
937 2522 1165 2574 praedictae,
1207 2526 1252 2560 et
1293 2521 1485 2560 ostendit
1527 2521 1673 2560 literas

143 2583 307 2623 domini
329 2585 460 2638 Regis
482 2590 680 2638 patentes
702 2599 796 2639 quse
819 2584 897 2624 hoc
917 2589 1136 2624 testantur
1157 2586 1202 2624 in
1224 2584 1313 2624 haec
1336 2585 1476 2624 verba.

233 2648 478 2699 Edwardus,
502 2650 582 2689 Dei
613 2650 755 2703 gracia
786 2649 878 2689 Rex
908 2649 1075 2703 Angliae
1107 2654 1151 2689 et
1183 2649 1372 2688 Franciae
1405 2654 1447 2687 et
1477 2648 1675 2687 dominus

145 2709 376 2762 Hiberniae,
418 2713 617 2753 omnibus
667 2712 719 2752 ad
761 2726 866 2765 quos
918 2718 1149 2766 praesentes
1201 2713 1336 2752 literae
1388 2713 1676 2765 pervenerint,

149 2773 344 2816 salutem.
407 2776 559 2817 Sciatis
582 2777 696 2830 quod
726 2777 923 2816 dedimus
954 2781 999 2817 et
1020 2778 1306 2817 concessimus
1337 2776 1493 2816 dilecto
1524 2776 1677 2816 clerico

149 2841 293 2878 nostro
326 2838 513 2881 Johanni
547 2841 586 2881 le
625 2841 767 2881 Smale
799 2841 1038 2880 custodiam
1072 2840 1294 2895 hospitalis
1331 2840 1495 2881 Sanctae
1530 2841 1676 2881 Mariam

765 2914 821 2958 (1)
850 2913 896 2948 so
915 2913 950 2948 in
970 2914 1046 2948 MS.

1810 141 1905 191 229

1709 341 1821 371 Dutics
1836 340 1871 370 of

1710 382 1762 410 the
1779 382 1872 418 chap-

1709 421 1801 449 luins.

1710 459 1871 489 Distribu-

1710 501 1778 528 tion
1796 500 1830 528 of

1710 539 1789 567 alins
1802 538 1843 576 by
1857 538 1909 567 the

1711 580 1826 607 master
1841 587 1882 607 on

1710 616 1756 646 St.
1771 617 1867 655 Mnry

1710 656 1843 693 Magda-

1710 695 1804 724 lene's
1822 697 1897 734 day.

1711 735 1848 764 Furthcr

1710 775 1877 804 liabilities

1711 823 1744 843 as
1759 815 1859 843 under

1711 854 1763 882 the
1779 854 1831 882 old

1710 893 1907 923 foundation.

1709 1051 1775 1080 The
1790 1051 1886 1080 chan-

1709 1094 1762 1129 try
1779 1092 1879 1119 main-

1711 1131 1793 1159 taius
1807 1131 1883 1168 only

1710 1180 1766 1199 one
1782 1171 1878 1207 chap-

1709 1209 1784 1245 lain,
1801 1210 1873 1238 who

1709 1249 1779 1277 doe>-
1795 1251 1851 1277 not

1709 1289 1818 1316 reside.

1708 1327 1846 1365 Fui-ther

1709 1367 1859 1395 evidence

1709 1416 1743 1435 as
1757 1410 1789 1435 10
1800 1406 1888 1442 alnis,

1708 1448 1767 1474 etc.

1708 1823 1776 1853 The
1791 1826 1908 1853 master

1708 1864 1765 1892 has
1785 1864 1911 1892 neither

1708 1903 1863 1940 appeared

1707 1951 1764 1970 nor
1780 1946 1847 1970 sent
1866 1951 1907 1971 an

1707 1984 1853 2018 1111111110)ν
1867 1987 1898 2010 to

1707 2021 1792 2049 shew
1808 2021 1861 2049 the

1707 2060 1812 2088 muni-

1708 2104 1819 2128 ments.

1708 2204 1772 2233 The
1787 2204 1882 2234 briefs

1708 2247 1740 2273 10
1756 2245 1793 2273 be
1807 2245 1888 2274 filed.

1708 2399 1792 2428 John
1808 2398 1837 2428 le

1710 2438 1813 2467 Smale
1826 2448 1895 2475 pro-

1708 2478 1800 2506 ducos
1815 2479 1869 2507 the

1709 2517 1803 2545 letter
1818 2517 1852 2545 of

1710 2556 1849 2584 Edward

1711 2595 1784 2630 111„
1801 2596 1896 2625 dated

1710 2635 1789 2673 July
1806 2636 1850 2667 10.

1710 2681 1776 2703 Aa).
1794 2674 1884 2710 1342,
