1955 3068
559 122 785 155 ORIGINAL
821 121 1112 155 DOCUMENTS.

72 236 190 277 Petri
214 234 378 288 Rypon’
399 239 443 274 et
468 235 634 275 vicariis
656 234 853 288 ejusdem
876 234 1080 283 ecclesiae,
1103 246 1235 273 unam
1267 234 1432 286 peciam
1466 236 1607 283 terrae,

72 299 298 354 parcellam
351 300 531 338 manerii
579 300 714 338 nostri
764 299 817 338 de
862 297 1041 351 Rypon',
1093 311 1143 338 ex
1186 301 1306 351 parte
1353 297 1608 337 occidentali

73 363 311 419 praebendae
347 364 400 403 de
435 363 667 413 Munkton,
704 363 1002 403 continentem
1034 366 1211 402 centum
1250 365 1294 402 et
1325 361 1611 414 quadraginta

73 429 202 482 pedes
224 429 268 467 in
291 428 581 481 longitudine,
604 428 825 481 sexaginta
848 431 892 466 et
922 430 1088 480 septem
1120 426 1250 480 pedes
1282 427 1327 465 in
1359 425 1609 474 latitudine,

73 492 256 532 habend.
299 497 343 532 et
384 493 559 532 tenend.
602 493 764 532 eisdem
816 491 1077 544 procuratori
1125 496 1170 530 et
1210 491 1378 531 vicariis
1430 493 1475 529 et
1516 503 1610 528 suc-

73 556 309 596 cessoribus
344 557 432 596 suis
468 570 543 609 pro
576 555 766 609 hospicio
809 569 884 595 suo
925 555 1034 594 inibi
1071 555 1359 595 construendo
1395 555 1610 608 imperpe-

73 625 214 670 tuum,
247 621 307 659 ita
338 620 451 673 quod
483 620 615 660 iidem
645 624 892 673 procurator
923 623 967 659 et
999 620 1146 658 vicarii
1179 624 1223 659 et
1252 632 1512 659 successores
1545 619 1609 658 sui

74 689 118 724 et
141 698 287 724 eorum
320 684 505 737 quilibet
537 685 683 724 dicant
715 688 760 723 et
789 684 903 723 dicat
935 683 1118 737 singulis
1140 683 1293 723 diebus
1315 684 1360 722 in
1382 684 1513 722 missa
1536 696 1613 722 sua

74 762 205 788 unam
229 749 457 801 specialem
477 748 699 788 collectam
721 761 818 787 cum
842 751 1003 787 secreta
1025 752 1069 788 et
1092 751 1189 801 post
1211 748 1513 787 communione
1535 760 1612 800 pro

75 812 233 852 salubri
257 817 373 852 statu
388 818 532 852 nostro
549 812 653 852 dum
670 813 902 851 vixerimus
921 813 1260 865 imperpetuum,
1277 816 1318 851 et
1343 812 1458 865 quod
1480 811 1612 851 iidem

74 881 319 929 procurator
341 880 386 916 et
407 876 553 915 vicarii
577 881 621 915 et
644 889 908 915 successores
941 877 1007 915 sui
1040 879 1140 929 post
1171 876 1393 916 decessum
1417 880 1613 915 nostrum

73 944 252 980 teneant
284 944 328 979 et
355 940 634 993 solempniter
665 939 885 979 celebrent
915 940 1259 979 anniversarium
1292 943 1487 979 nostrum
1510 953 1615 992 quo-

74 1004 181 1043 libet
213 1017 326 1044 anno
356 1003 425 1043 die
460 1004 603 1044 obitus
635 1004 785 1053 nostri,
807 1018 907 1043 cum
938 1002 1121 1044 Placebo
1144 1008 1187 1043 et
1214 1002 1372 1057 Dio-isse
1393 1008 1437 1044 et
1458 1017 1614 1043 novem

74 1068 264 1121 psalmis,
297 1081 450 1107 novem
484 1067 747 1121 antiphonis,
779 1082 933 1107 novem
965 1068 1226 1107 leccionibus
1263 1082 1310 1107 ac
1346 1068 1613 1107 oracionibus

75 1146 150 1185 pro
171 1130 501 1184 archiepiscopis
523 1133 756 1181 consuetis,
779 1146 875 1171 eum
899 1132 1029 1171 missa
1050 1132 1103 1171 de
1126 1132 1338 1185 Requiem
1361 1133 1405 1171 in
1427 1132 1615 1171 crastino

74 1210 173 1235 cum
195 1200 295 1235 nota
318 1196 363 1234 in
387 1195 563 1235 ecclesia
584 1196 787 1249 praedicta
819 1197 1153 1249 imperpetuum.
1217 1196 1293 1236 Set
1316 1197 1350 1235 si
1372 1197 1486 1235 inter
1506 1195 1615 1235 festa

74 1259 248 1300 Pascbae
271 1265 313 1300 et
337 1260 563 1300 Trinitatis
585 1274 661 1300 nos
684 1261 799 1300 obire
822 1261 1068 1314 contigerit,
1090 1265 1196 1300 tunc
1227 1261 1441 1314 praemissa
1465 1273 1616 1300 secun-

74 1325 180 1364 dum
201 1324 391 1364 ordinale
415 1324 604 1363 ecclesiae
627 1324 752 1364 Ebor.
776 1329 957 1364 teneant
981 1329 1023 1364 et
1051 1324 1272 1364 celebrent
1300 1328 1351 1364 ut
1372 1324 1615 1378 praefertur,

73 1389 158 1428 nisi
190 1402 315 1428 causa
345 1388 595 1428 racionabili
626 1389 852 1442 praepediti
886 1389 1087 1429 existent.
1151 1388 1253 1436 Quae
1284 1392 1431 1428 tamen
1473 1388 1617 1428 omnia

75 1453 267 1506 proximo
288 1452 358 1492 die
380 1452 743 1505 impedimentum
766 1452 1015 1506 hujusmodi
1040 1456 1246 1506 sequente
1264 1454 1438 1492 omnino
1459 1453 1618 1505 perim-

79 1517 240 1570 pleant,
264 1530 311 1556 ac
334 1517 469 1556 eciam
483 1516 676 1569 quolibet
692 1517 762 1556 die
777 1520 873 1570 post
887 1517 1114 1570 prandium
1132 1518 1177 1556 in
1191 1517 1407 1556 communi
1429 1516 1525 1556 aula
1542 1530 1617 1556 sua

76 1580 290 1634 psalmum
314 1579 396 1620 ‘De
412 1579 667 1634 profundis
686 1580 695 1596 ’
715 1595 813 1620 cum
837 1582 1030 1620 oracione
1054 1584 1065 1603 ⁴
1081 1579 1313 1621 Ficlelz'um
1330 1580 1339 1598 ’
1360 1594 1436 1633 pro
1458 1580 1617 1620 salubri

78 1649 196 1686 statu
224 1649 370 1685 nostro
399 1645 504 1684 dum
535 1646 782 1696 vixerimus,
806 1649 850 1685 et
880 1659 956 1698 pro
986 1646 1129 1685 anima
1150 1648 1294 1685 nostra
1325 1659 1424 1684 cum
1455 1645 1508 1685 ab
1538 1643 1617 1684 hac

76 1710 171 1749 luce
193 1709 535 1763 migraverimus,
556 1723 604 1749 ac
624 1710 848 1749 animabus
879 1710 1238 1763 praedecessorum
1261 1713 1306 1749 θῇ
1328 1722 1617 1749 successorum

77 1777 335 1824 nostrorum,
377 1777 423 1813 et
463 1774 658 1812 omnium
700 1773 896 1813 fidelium
947 1773 1254 1813 defunctorum
1296 1775 1618 1826 imperpetuum

77 1838 224 1877 dicant
254 1838 300 1877 in
331 1837 550 1877 communi
584 1837 864 1890 solempniter
895 1842 941 1878 et
972 1838 1127 1877 devote
1159 1838 1498 1890 imperpetuum.
1561 1837 1619 1876 Et

37 1924 46 1934 ·
77 1903 255 1955 insuper
275 1901 388 1954 quod
410 1901 595 1954 quilibet.
617 1902 798 1941 vicarius
825 1915 876 1941 ex
901 1915 1016 1941 nunc
1038 1902 1321 1954 imposterum
1345 1902 1389 1940 in
1411 1901 1618 1940 vicarium

78 1966 204 2006 dietae
235 1965 470 2019 collegiatae
502 1965 689 2004 ecclesiae
715 1965 1011 2005 admittendus
1034 1979 1109 2005 seu
1141 1965 1386 2018 aliqualiter
1407 1965 1620 2018 recipien-

78 2030 173 2078 dus,
205 2033 398 2082 tempore
429 2028 700 2068 admissionis
732 2042 808 2069 seu
838 2030 1100 2083 recepcionis
1133 2043 1234 2080 suae,
1251 2029 1372 2082 juret
1394 2029 1447 2068 ad
1469 2032 1617 2069 sancta

79 2094 160 2133 Dei
183 2092 417 2146 Evangelia
438 2092 711 2145 corporaliter
732 2096 861 2143 tacta,
883 2094 996 2147 quod
1019 2094 1163 2133 omnia
1179 2097 1224 2133 et
1239 2092 1409 2147 singula
1424 2093 1618 2146 superius

79 2157 275 2196 ordinata
317 2160 362 2196 et
393 2156 612 2209 disposita,
645 2156 826 2197 firmiter
857 2162 902 2198 θῇ
932 2157 1238 2197 inviolabiliter
1268 2156 1543 2210 perimplebit
1573 2161 1619 2197 et

79 2220 336 2270 observabit,
357 2233 404 2259 ac
426 2234 502 2273 pro
523 2234 644 2273 posse
667 2234 742 2260 suo
763 2221 974 2261 observari
997 2221 1140 2270 faciet,
1164 2225 1328 2261 statuto
1350 2220 1403 2260 de
1425 2221 1552 2260 terris
1573 2223 1618 2259 θῇ

79 2285 344 2324 tenementis
378 2285 431 2324 ad
462 2298 639 2324 manum
681 2289 896 2324 mortuam
927 2298 1014 2324 non
1044 2285 1255 2338 ponendis
1288 2284 1404 2324 edito
1426 2297 1511 2324 non
1543 2284 1617 2325 ob-

81 2351 238 2388 stante.
301 2349 357 2387 Et*
387 2362 465 2388 nos
496 2348 700 2402 praefatus
731 2347 1087 2402 Archiepiscopus
1121 2353 1162 2388 et
1193 2362 1449 2388 successores
1480 2350 1615 2388 nostri

81 2412 329 2465 praedictam
361 2412 590 2465 parcellam
621 2416 747 2452 terrae
779 2426 877 2452 cum
908 2413 1189 2466 pertinenciis
1210 2411 1399 2466 praefatis
1420 2426 1616 2466 procura-

79 2476 163 2515 tori
186 2480 231 2515 et
252 2476 419 2515 vicariis
441 2480 486 2516 et
508 2476 818 2516 successoribus
842 2477 928 2516 suis
950 2481 1095 2516 contra
1116 2490 1264 2517 omnes
1286 2480 1439 2531 gentes
1455 2490 1615 2516 waran-

80 2539 308 2579 tizabimus
345 2544 390 2580 θῇ
432 2541 755 2594 imperpetuum
798 2540 1094 2581 defendemus.
1157 2541 1426 2580 Intencionis
1458 2545 1614 2581 nostrae

80 2616 166 2642 non
188 2604 336 2643 existit
357 2605 462 2657 quin
491 2605 682 2644 canonici
714 2604 903 2644 ecclesiae
935 2604 1150 2658 praedictae
1182 2608 1227 2644 et
1259 2618 1518 2644 successores
1551 2605 1616 2644 sui

79 2666 132 2705 ad
166 2667 341 2707 vicarias
378 2681 473 2707 suas
507 2668 553 2707 in
590 2668 739 2707 eadem
771 2668 950 2708 ecclesia
985 2682 1085 2708 cum
1121 2669 1381 2717 vacaverint,
1417 2682 1618 2721 personas

79 2730 266 2783 ydoneas
291 2731 417 2784 juxta
448 2733 625 2785 antiqua
659 2735 837 2781 statuta,
868 2723 1176 2782 ordinaciones,
1206 2736 1247 2772 et
1282 2733 1617 2772 consuetudines

83 2794 274 2834 ecclesiae
305 2795 422 2834 illius
443 2797 605 2848 possint
639 2796 840 2835 canonice
873 2800 1146 2849 praesentare,
1169 2797 1400 2848 vicariique
1423 2796 1617 2849 ejusdem

85 2857 272 2897 ecclesiae
295 2858 481 2911 praefatis
502 2860 715 2898 canonicis
739 2865 779 2899 et
805 2860 1114 2899 successoribus
1137 2861 1225 2900 suis
1247 2874 1293 2899 ac
1316 2873 1462 2899 eorum
1489 2860 1620 2913 juris-

1745 107 1837 155 127

1645 238 1715 276 Ely.
1736 248 1805 267 now

1646 283 1779 315 provost.

1645 318 1719 346 land
1739 320 1795 345 out
1811 317 1846 345 of

1646 357 1693 385 his
1709 365 1818 385 nianor

1645 396 1679 424 of
1692 395 1802 434 Ripon.

1648 691 1675 719 A
1693 690 1805 728 special

1648 730 1766 759 collect.
1777 733 1845 765 etc„

1648 770 1695 798 for
1705 770 1758 797 the
1767 769 1848 805 good

1649 812 1747 837 estate
1763 809 1797 837 of

1650 848 1702 876 the
1718 848 1806 876 arch-

1650 887 1759 925 bishop

1650 927 1743 955 while

1649 967 1762 1000 living,
1777 966 1839 995 and

1650 1015 1667 1034 a
1683 1006 1799 1043 year’s-

1650 1045 1738 1074 mind
1755 1045 1836 1073 after

1650 1085 1688 1114 he
1703 1085 1729 1113 is
1745 1084 1835 1113 deed.

1652 1525 1848 1556 Commemo-

1652 1566 1756 1594 ration
1770 1566 1850 1595 after

1652 1605 1765 1633 dinner
1781 1605 1813 1633 in

1652 1653 1796 1673 common

1653 1683 1732 1712 hall.

1654 2038 1774 2069 Vicars'

1653 2079 1740 2108 oath.

1652 2293 1776 2323 Statute
1791 2295 1827 2323 of

1651 2333 1837 2363 Mortmnin.

1650 2548 1716 2578 The
1732 2559 1849 2579 canons

1652 2592 1685 2617 to
1699 2590 1801 2618 retain

1651 2634 1812 2664 presenta-

1651 2667 1719 2696 tion
1741 2671 1773 2697 to

1652 2707 1824 2743 vicarzuaes,

1653 2746 1715 2774 and
1732 2747 1814 2776 their

1650 2785 1850 2823 jurisdiction

1653 2834 1728 2853 over
1740 2826 1851 2856 vicars.
