1935 3151
637 151 863 185 ORIGINAL
900 152 1187 186 DOCUMENTS.

151 277 291 305 comcs
326 264 559 304 retornavit.
595 264 708 317 quod
747 264 874 305 breve
911 265 1016 305 adeo
1057 265 1178 305 tarde
1218 265 1299 305 sibi
1334 265 1563 306 liberatum
1598 267 1683 307 fuit

152 329 266 383 quod
297 328 404 368 illud
427 328 580 381 exequi
612 342 696 368 non
728 330 886 382 potuit,
908 333 990 369 etc.
1053 329 1110 369 Et
1142 343 1269 383 super
1300 329 1377 370 hoc
1409 330 1524 370 idem
1546 331 1682 371 David

154 407 230 446 pro
252 393 425 432 domino
449 392 564 446 Rege
587 396 631 432 et
653 406 726 446 pro
750 394 890 446 seipso
910 393 1018 433 dicit
1038 394 1151 446 quod
1182 394 1234 433 ad
1266 395 1511 447 capcionem
1527 393 1682 448 juratae

156 457 369 510 praedictae
405 456 632 509 procedere
666 470 750 496 non
787 460 968 510 oportet.
1031 458 1139 504 Quia
1170 458 1275 498 dicit
1306 458 1419 511 quod
1457 459 1684 511 praedictus

157 520 369 560 Robertus
390 524 615 573 postquam
638 521 681 560 in
698 520 887 574 juratam
909 521 1155 574 praedictam
1177 523 1220 561 in
1245 522 1500 562 Cancellaria
1521 522 1686 561 domini

157 585 287 638 Regis
321 598 364 623 se
396 588 607 637 posuerat,
639 598 829 624 asserens
861 585 1046 624 decimas
1079 599 1154 624 seu
1185 586 1426 638 spiritualia
1457 586 1601 639 aliqua
1633 586 1685 625 ad

156 649 410 702 praedictum
440 647 650 701 hospitale
682 662 767 688 non
799 650 1030 701 pertinere,
1062 652 1160 699 etc„
1191 651 1303 703 quod
1325 651 1440 689 idem
1473 650 1686 690 Robertus

154 726 295 752 coram
327 711 492 751 Abbate
524 712 577 751 de
610 712 875 766 Founteyns,
897 711 1096 753 ,Iohanne
1128 713 1180 753 de
1207 713 1436 763 Wodhous,
1466 714 1685 753 Francone

153 776 205 816 de
228 776 439 829 Barneby,
461 779 506 815 et
527 775 691 815 Thoma
712 776 765 816 de
798 775 963 826 Saleok,
984 777 1037 816 ad
1059 777 1323 817 visitandum
1344 776 1557 830 hospitale
1579 791 1687 830 prae-

150 841 318 880 dictum
351 853 401 879 ex
433 844 553 892 parte
585 840 750 879 domini
782 840 914 894 Regis
948 840 1026 880 sub
1057 844 1175 880 certa
1205 841 1341 881 forma
1372 842 1592 894 deputatis
1614 841 1685 881 die

152 904 357 943 Mercurii
375 904 567 956 proxima
587 908 688 943 ante
704 903 865 943 festum
883 904 923 943 N
925 905 1136 944 ativitatis
1155 905 1301 945 Beatae
1315 905 1462 944 Mariae
1476 905 1686 959 Virginis,

151 982 263 1008 anno
303 969 426 1022 regni
468 967 660 1021 ejusdem
703 969 868 1008 domini
909 969 1042 1023 Regis
1075 970 1242 1024 Angliae
1274 969 1608 1023 quintodecimo,
1640 974 1686 1010 et

152 1032 278 1086 regni
317 1033 384 1071 sui
417 1032 608 1072 Franciae
645 1032 834 1072 seeundo
866 1036 1056 1083 vocatus,
1092 1033 1281 1086 juratus,
1318 1037 1363 1072 et
1399 1033 1686 1084 examinatus,

155 1096 357 1150 cognovit
377 1097 490 1149 quod
512 1096 685 1136 deeimae
707 1100 751 1136 et
772 1096 855 1136 alia
878 1097 1117 1150 spiritualia
1138 1098 1343 1150 praedicto
1364 1096 1568 1150 hospitali
1588 1111 1686 1150 per-

155 1161 397 1210 tinuerunt,
423 1161 468 1199 in
492 1161 755 1200 contrarium
784 1162 903 1201 misae
925 1175 1011 1200 suae
1032 1162 1259 1214 praedictae,
1282 1165 1364 1202 etc.
1426 1161 1483 1200 Et
1505 1161 1688 1214 protulit

155 1223 225 1263 hic
247 1224 292 1263 in
316 1223 441 1264 Curia
462 1227 657 1264 tenorem
678 1225 842 1264 recordi
864 1228 909 1265 et
929 1238 1149 1278 processus
1171 1225 1437 1265 visitacionis
1463 1224 1686 1278 hospitalis

155 1288 347 1341 praedicti
386 1301 460 1341 per
492 1287 690 1341 praefatos
733 1288 933 1328 abbatem
970 1292 1015 1328 et
1050 1289 1154 1328 alios
1189 1288 1314 1328 factae
1346 1289 1507 1328 virtute
1545 1289 1687 1328 brevis

156 1352 320 1392 domini
342 1352 472 1406 Regis
495 1351 574 1391 sibi
596 1352 696 1392 inde
718 1353 885 1402 directi,
908 1352 1030 1406 cujus
1052 1357 1174 1393 tenor
1193 1353 1291 1393 talis
1312 1357 1392 1393 est.

244 1416 491 1465 Edwardus,
513 1416 592 1456 Dei
617 1417 761 1470 gracia
792 1416 883 1455 Rex
914 1417 1082 1470 Angliae
1115 1420 1159 1456 et
1190 1417 1380 1456 Franciae
1411 1419 1458 1456 et
1488 1416 1688 1456 dominus

155 1479 391 1530 Hiberniae,
406 1480 574 1520 dilectis
592 1483 637 1519 et
649 1479 849 1519 fidelibus
864 1481 952 1520 suis
968 1480 1125 1520 Abbati
1141 1481 1193 1520 de
1208 1481 1481 1534 Founteyns3
1497 1481 1525 1521 J
1528 1479 1688 1520 ohanni

154 1542 207 1582 de
229 1542 487 1593 Wodehous‚
519 1543 648 1583 Petro
679 1544 733 1584 de
765 1542 1065 1595 Richemund',
1088 1545 1298 1584 Franconi
1329 1545 1381 1584 de
1406 1543 1619 1597 Barneby,
1642 1547 1688 1583 et

155 1605 329 1647 Thomae
346 1608 399 1647 de
417 1607 583 1658 Salcok,
602 1607 799 1647 salutem.
841 1608 951 1655 Quia
967 1608 1119 1647 datum
1137 1612 1203 1647 est
1223 1608 1344 1648 nobis
1366 1608 1556 1662 intelligi
1574 1607 1688 1661 quod

155 1670 201 1709 in
223 1669 508 1724 hospitalibus
532 1671 680 1711 Sancti
701 1671 728 1711 J
732 1670 912 1711 ohannis
935 1674 980 1711 et
1009 1672 1153 1711 Beatae
1175 1672 1321 1711 Mariae
1344 1671 1612 1725 Magdalenae
1635 1672 1687 1711 de

156 1734 367 1788 Ryponia,
395 1748 576 1787 quorum
605 1735 857 1774 collaciones
886 1736 939 1775 ad
965 1749 1055 1786 nos,
1088 1736 1256 1775 racione
1288 1735 1687 1789 Archiepiscopatus

156 1798 283 1838 Ebor.
316 1799 505 1838 vacantis
547 1802 592 1838 et
632 1799 678 1837 in
719 1812 852 1838 manu
885 1802 1031 1838 nostra
1073 1800 1301 1839 existentis
1342 1800 1578 1852 pertinent,
1611 1813 1688 1852 pro

155 1862 329 1902 defectu
351 1863 452 1902 boni
473 1863 696 1916 regiminis
728 1862 1004 1916 quamplures
1036 1863 1232 1903 defectus
1264 1864 1452 1902 iminent
1482 1862 1566 1902 hiis
1596 1863 1688 1903 die-

154 1926 248 1977 bus,
272 1930 316 1966 et
341 1926 454 1979 quod
484 1927 772 1979 possessiones
804 1930 848 1966 et
879 1927 988 1966 bona
1019 1927 1252 1966 eorundem
1284 1926 1563 1979 hospitalium
1594 1930 1686 1966 tam

153 2003 229 2041 per
252 1991 449 2030 custodes
482 2004 610 2043 quam
632 2004 707 2043 per
737 1989 905 2039 fratres,
928 2004 1103 2041 sorores,
1126 1994 1170 2030 et
1201 1991 1418 2029 ministros
1450 1991 1687 2030 eorundem

152 2052 433 2106 hospitalium
465 2055 750 2094 diversimode
781 2054 989 2106 dissipata
1015 2059 1130 2105 sunt,
1152 2054 1353 2104 alienata,
1375 2057 1419 2093 et
1440 2058 1618 2105 vastata,
1640 2055 1686 2094 in

152 2119 287 2157 nostri
322 2121 620 2171 contemptum
655 2122 696 2157 et
733 2118 982 2170 dampnum,
1004 2132 1050 2157 ac
1077 2119 1419 2158 destruccionem
1451 2118 1686 2157 eorundem

154 2179 432 2234 hospitalium
449 2185 493 2221 et
509 2181 652 2221 cultus
674 2181 820 2220 Divini
842 2195 889 2221 ac
911 2196 1087 2234 operum
1109 2182 1285 2235 pietatis
1302 2195 1396 2234 qua?
1413 2181 1575 2221 ibidem
1592 2181 1685 2221 fieri

155 2244 378 2295 deberent,
400 2248 444 2284 et
464 2245 517 2284 ab
537 2246 716 2298 antiquo
738 2245 927 2284 stabilita
948 2245 1140 2295 fuerunt,
1163 2246 1499 2285 diminucionem
1521 2249 1565 2284 et
1587 2245 1686 2284 sub-

155 2309 414 2348 traccionem
444 2308 719 2348 manifestam
734 2323 745 2357 3
777 2309 879 2358 Nos,
904 2323 1029 2362 super
1052 2310 1279 2361 praemissis
1310 2308 1549 2348 remedium
1572 2309 1684 2361 quod

157 2373 279 2412 decet
311 2373 467 2425 apponi
500 2373 689 2412 volentes
720 2377 770 2412 ut
801 2376 1013 2422 tenemur,
1039 2373 1350 2426 assignavimus
1379 2386 1466 2422 vos,
1488 2377 1684 2425 quatuor,

156 2439 257 2485 tres,
280 2436 348 2475 vel
376 2436 481 2475 duos
510 2440 701 2475 vestrum
726 2437 779 2475 ad
809 2439 971 2475 statum
999 2434 1278 2488 hospitalium
1307 2436 1607 2489 praedictorum
1637 2450 1685 2475 ac

155 2500 381 2539 custodum
404 2505 449 2539 et
470 2499 666 2549 fratrum,
689 2513 894 2547 sororum,
916 2503 957 2538 et
973 2500 1267 2539 ministrorum
1287 2500 1519 2539 eorundem
1538 2514 1685 2552 super-

154 2563 402 2612 videndum,
426 2567 469 2602 et
490 2563 602 2615 ipsos
628 2563 840 2611 custodes,
862 2562 1030 2610 fratres,
1053 2576 1227 2612 sorores,
1250 2567 1293 2602 et
1315 2563 1534 2601 ministros
1557 2576 1686 2614 super

154 2627 385 2678 praemissis
408 2630 452 2666 etv
473 2626 672 2665 omnibus
694 2626 788 2665 aliis
811 2630 973 2665 statum
1003 2624 1283 2679 hospitalium
1312 2626 1611 2679 praedictorum
1641 2630 1685 2665 et

154 2702 354 2741 personas
396 2689 627 2729 eorundem
663 2689 1020 2729 concernentibus
1053 2689 1400 2738 examinandum,
1433 2692 1477 2728 et
1509 2702 1557 2727 ea
1591 2702 1685 2741 quae

157 2753 405 2806 corrigenda
420 2753 579 2792 fuerint
595 2754 639 2791 in
655 2756 816 2791 statum
829 2753 1024 2793 debitum
1038 2754 1164 2793 modo
1179 2766 1367 2806 congruo
1376 2752 1685 2805 reponendum,

157 2819 203 2853 et
233 2816 286 2854 ad
316 2817 457 2856 omnia
490 2817 570 2856 alia
602 2829 695 2868 quae
726 2816 912 2855 officium
943 2817 1215 2856 visitatorum
1246 2817 1292 2855 in
1323 2814 1400 2854 hac
1432 2818 1551 2868 parte
1584 2829 1685 2854 con-

159 2883 342 2919 cernunt
363 2880 607 2920 faciendum
630 2883 674 2920 et
696 2880 978 2933 explendum:
1011 2881 1070 2920 Ac
1092 2881 1228 2920 eciam
1249 2880 1301 2920 ad
1322 2871 1626 2932 inquirendum
1650 2880 1683 2918 si

1821 145 1910 190 211·

1719 273 1836 303 Rolwrt

1720 314 1820 342 before

1720 352 1918 389 1101810οω-

1719 392 1904 421 mis->ionersi

1720 431 1894 467 admitting

1720 471 1791 498 that
1806 471 1905 499 titlws

1721 510 1781 537 and
1798 510 1884 537 otiu-r

1721 548 1885 583 spirituals

1721 587 1833 623 belong
1850 592 1882 615 to

1721 627 1774 654 tl‘w
1792 627 1860 655 hos-

1719 665 1808 703 pital.

1723 1171 1829 1200 David

1722 1211 1860 1245 brought

1722 1250 1789 1279 into
1804 1250 1903 1279 court

1723 1290 1827 1318 record
1842 1291 1877 1318 of

1722 1329 1775 1357 the
1792 1329 1902 1357 visita-

1721 1368 1789 1396 tion
1805 1368 1838 1396 of
1851 1368 1921 1397 lios-

1721 1406 1811 1444 pital.

1721 1614 1874 1644 Commis-

1721 1654 1788 1682 sion
1801 1656 1832 1682 to
1845 1654 1921 1682 visit.

1721 1693 1869 1731 hospital,
