1915 3068
404 161 637 194 EXCERPTS
673 160 802 194 FROM
839 160 1144 203 CHRONICLES,
1183 161 1276 194 ETC.

68 274 251 328 scriptis,
273 274 366 327 ipso
397 272 511 313 facto
542 273 779 313 incurrant.
842 273 959 313 Laici
988 273 1121 312 etiam
1154 272 1437 313 nihilominus
1467 274 1605 314 intes-

65 339 219 379 tabiles
241 337 361 389 fiant,
383 351 564 391 quarum
588 338 903 377 sententiarum
925 337 1205 377 relaxationes
1227 338 1348 377 nobis
1364 338 1605 391 specialiter

65 415 347 442 reservamus.
389 401 435 442 Si
457 415 555 441 vero
576 402 762 455 religiosi
780 401 959 452 fuerint,
975 405 1019 441 et
1035 401 1081 441 in
1098 402 1386 455 dignitatibus
1400 401 1603 441 obedien-

65 467 216 517 tiariis,
240 480 315 506 seu
337 466 485 506 officiis
507 465 775 518 quibuslibet
796 466 1040 515 constituti,
1062 466 1224 505 eisdem
1246 467 1339 519 ipso
1359 465 1486 515 facto,
1510 466 1603 506 sine

67 545 141 585 spe
162 531 466 581 restitutionis,
488 531 712 583 praesentis
735 530 1061 571 constitutionis
1075 531 1333 571 auctoritate
1349 531 1574 584 priventur
1592 545 1602 579 ;

66 598 112 634 et
132 609 156 635 a
178 594 467 634 celebratione
496 594 754 644 divinorum,
788 598 833 634 et
862 594 1112 634 executione
1136 595 1201 634 sui
1223 594 1384 634 ordinis
1408 595 1603 647 suspensi

67 662 284 709 maneant,
308 658 442 698 donec
464 662 657 698 nostram
677 659 861 713 gratiam
882 659 1200 711 promeruerint
1221 658 1431 699 obtinere.
1464 660 1604 706 Quam

66 724 423 763 constitutionem
445 737 544 762 cum
568 723 655 762 suis
677 723 830 775 poenis,
847 722 997 762 tamin
1010 721 1170 762 futuris
1188 722 1325 762 causis
1343 726 1387 762 et
1401 723 1604 776 negotiiS,

66 801 197 840 quam
217 785 358 826 adhuc
378 787 683 840 pendentibus,
701 787 843 827 locum
861 787 943 826 sibi
960 786 1157 826 volumus
1172 787 1411 838 vendicare,
1427 790 1472 827 et
1488 787 1605 827 inter

66 851 168 891 alias
190 854 357 891 nostras
379 850 600 904 synodales
622 851 955 891 constitutiones
977 851 1109 890 inseri
1131 851 1221 890 loco
1244 864 1333 891 suo.

158 915 402 955 Statuimus
445 915 592 965 etiam,
634 928 690 955 ne
731 915 960 968 quisquam
1001 918 1269 954 testamenta
1311 928 1387 955 seu
1427 915 1604 955 ultimas

67 979 310 1019 voluntates
349 979 537 1018 scienter
578 982 624 1018 et
654 978 866 1018 malitiose
897 978 1108 1031 impediat
1138 982 1216 1018 aut
1246 979 1486 1032 perturbet,
1518 992 1605 1032 quo

68 1043 212 1083 minus
235 1046 481 1082 executores
504 1056 652 1082 eorum
674 1043 742 1082 vel
773 1043 1157 1093 administratores,
1178 1056 1254 1096 per
1274 1057 1366 1093 nos,
1389 1043 1603 1094 officiales,

69 1121 143 1147 seu
165 1107 384 1147 ministros
406 1110 572 1147 nostros
594 1107 641 1147 in
661 1107 785 1147 bonis
807 1107 1068 1147 testantium
1090 1106 1342 1158 deputandi,
1365 1108 1603 1147 secundum

67 1171 317 1211 libertatem
350 1174 395 1211 et
425 1171 786 1211 consuetudinem
807 1171 993 1211 ecclesiae
1015 1171 1278 1225 Anglicanae,
1301 1172 1604 1212 administrare

67 1235 202 1275 libere
235 1235 408 1275 valeant
440 1235 486 1275 in
520 1235 698 1276 eisdem.
762 1235 807 1276 Si
842 1236 938 1288 quis
975 1249 1074 1275 vero
1108 1234 1238 1289 hujus
1273 1236 1428 1275 statuti
1461 1239 1603 1276 trans-

67 1314 233 1355 gressor
273 1300 420 1350 fuerit,
454 1301 598 1354 ipsum
640 1300 813 1354 majoris
847 1301 1304 1341 excommunicationis
1343 1302 1603 1341 sententiam

67 1366 284 1405 incurrere
306 1365 503 1405 volumus
526 1366 617 1419 ipso
638 1364 781 1406 facto.¹

158 1429 416 1480 Statuimus,
438 1433 489 1469 ut
511 1430 546 1469 si
567 1430 664 1483 quis
685 1430 738 1469 de
761 1430 975 1481 domibus,
997 1430 1216 1480 maneriiS,
1240 1433 1286 1470 et
1306 1430 1511 1484 grangiis,
1534 1430 1603 1470 vel

67 1493 163 1533 aliis
185 1491 435 1547 hujusmodi
456 1493 559 1533 locis
580 1494 634 1534 ad
655 1493 1006 1548 archiepiscopos,
1029 1495 1261 1548 episcopos,
1284 1495 1350 1535 vel
1381 1495 1486 1534 alias
1507 1509 1605 1548 per-

68 1571 191 1597 sonas
215 1558 536 1608 ecclesiasticas,
552 1562 595 1598 et
618 1559 672 1598 ad
688 1559 800 1611 ipsas
818 1559 1016 1599 ecclesias
1030 1559 1366 1611 pertinentibUS,
1383 1559 1603 1610 accedens,

68 1622 297 1674 quicquam
315 1626 469 1674 praeter
490 1621 760 1661 voluntatem
783 1626 859 1661 aut
881 1623 1208 1675 permissionem
1230 1623 1518 1672 dominorum,
1536 1623 1605 1663 vel

69 1699 231 1736 eorum,
253 1687 326 1739 qui
350 1689 450 1726 sunt
465 1685 713 1740 hujusmodi
728 1700 872 1726 rerum
887 1686 1092 1726 custodiis
1107 1687 1320 1739 deputati,
1338 1700 1606 1737 consumere,

68 1750 137 1789 vel
158 1749 339 1800 auferre,
361 1753 437 1789 aut
458 1754 724 1790 contrectare
746 1751 1081 1803 praesumpserit,
1105 1752 1199 1804 ipso
1220 1750 1332 1790 facto
1355 1751 1412 1790 sit
1434 1765 1604 1790 excom-

68 1815 361 1854 municatione
404 1814 591 1868 ligatus;
632 1828 656 1854 a
693 1828 790 1867 qua,
833 1815 968 1854 donec
1011 1814 1282 1864 satisfecerit,
1324 1814 1605 1854 absolutionis

68 1879 253 1932 gratiam
290 1879 471 1918 minime
504 1883 804 1932 consequatur.
866 1879 937 1928 Et,
970 1892 1026 1918 ne
1062 1878 1142 1919 hoc
1177 1879 1343 1918 salubre
1389 1882 1604 1918 statutum

68 1946 282 1996 praetextu
302 1943 557 1996 ignorantiae
579 1944 826 1997 negligatur
843 1957 854 1991 3
886 1944 1044 1996 ipsum,
1067 1943 1133 1983 vel
1164 1944 1452 1982 intentionem
1474 1943 1605 1994 illius,

68 2021 142 2061 per
183 2021 346 2046 annum
387 2007 644 2046 continuum
685 2021 709 2046 a
750 2010 943 2060 tempore
979 2007 1283 2060 publicationis
1316 2007 1524 2061 ejusdem,
1559 2008 1604 2047 in

68 2071 257 2111 ecclesiis
279 2069 611 2121 cathedralibus,
625 2071 832 2124 collegiis,
846 2075 890 2111 et
903 2071 999 2111 aliis
1016 2085 1091 2124 per
1105 2071 1346 2124 capellanos
1361 2075 1405 2111 et
1419 2075 1605 2111 rectores

68 2149 230 2186 earum,
252 2135 520 2188 quibuslibet
540 2135 692 2175 diebus
714 2136 956 2183 dominicis,
979 2139 1147 2175 astante
1170 2134 1527 2189 parochianorum
1560 2139 1606 2175 et

69 2199 264 2239 fidelium
286 2199 586 2249 multitudine,
609 2200 881 2252 praecipimus
901 2200 1142 2253 publicari.2

159 2262 363 2319 [Deinde,
385 2263 584 2316 repetitis
607 2264 836 2303 sententiis
860 2264 1332 2312 excommunicationis,
1350 2277 1445 2316 quae
1463 2262 1604 2303 Cices-

69 2330 234 2368 trenses
257 2326 521 2367 concludunt
541 2327 908 2378 constitutiones,3
929 2327 975 2366 in
1006 2327 1186 2367 concilio
1217 2327 1498 2380 Ripponensi,
1520 2328 1607 2367 duo

143 2450 198 2495 (1)
226 2449 293 2484 See
318 2460 338 2483 a
363 2448 502 2483 similar
527 2452 665 2490 statute
684 2448 723 2483 of
745 2448 974 2495 Arehbishop
1001 2448 1183 2483 Stratsord
1211 2448 1298 2494 (ΑΔ).
1319 2448 1548 2493 1333-1348)
1569 2448 1606 2482 in

70 2502 294 2548 Lyndwood,
311 2501 372 2536 lib.
390 2501 440 2536 iii.
459 2501 515 2536 tit.
535 2502 590 2536 13.

143 2556 199 2600 (2)
228 2555 295 2589 See
321 2566 342 2588 a
367 2555 504 2589 similar
529 2557 665 2589 statute
691 2554 731 2588 of
753 2553 981 2600 Archbishop
1007 2554 1178 2589 Boniface
1207 2554 1294 2600 (ΑΛ).
1323 2553 1551 2598 1241-1270)
1570 2553 1606 2587 in

71 2607 297 2653 Lyndwood,
315 2606 376 2641 lib.
395 2606 446 2642 iii.
465 2607 520 2641 tit.
539 2607 595 2641 28.

144 2660 200 2705 (3)
228 2659 399 2703 Wilkins,
432 2659 470 2694 ii.
507 2659 693 2695 172.-40.
730 2659 1090 2694 Excommunicamus
1118 2664 1251 2703 autem,
1280 2658 1341 2705 qui
1366 2670 1489 2704 pacem
1514 2658 1610 2703 regis

71 2716 108 2746 et
141 2712 240 2758 regui
273 2711 493 2758 perturbare,
526 2716 590 2746 aut
630 2711 812 2746 libert-ates
854 2712 1024 2756 ecclesiae,
1059 2724 1120 2747 seu
1150 2711 1246 2759 jura,
1279 2711 1457 2758 praecipue
1498 2710 1609 2757 hujus

72 2770 304 2799 sacrosanctae
335 2764 567 2799 Cicestrensis
600 2764 757 2799 ecclesiae
787 2764 988 2810 infringere,
1021 2777 1061 2799 ac
1086 2765 1323 2811 possessiones
1349 2763 1609 2798 ecclesiasticas

74 2817 252 2861 invadere,
283 2822 346 2851 aut
379 2818 424 2851 ad
457 2817 549 2852 bona
578 2817 821 2851 ecclesiastica
847 2830 972 2851 manus
997 2818 1123 2863 impias
1154 2817 1344 2851 extendere
1374 2828 1610 2861 praesumpse-

74 2869 158 2912 rint,
187 2870 222 2904 in
252 2869 502 2916 praejudicium
538 2870 785 2904 ecclesiasticae
813 2870 1000 2905 libertatis.
1052 2871 1143 2904 Item
1169 2870 1259 2913 illos,
1285 2869 1346 2914 qui
1373 2868 1409 2902 iu
1436 2868 1608 2903 beneficia

74 2922 311 2957 ecelesiastica
345 2934 379 2956 se
411 2922 624 2963 int1·udunt;
655 2928 689 2956 et
716 2934 784 2965 eos,
811 2923 871 2969 qui
900 2935 959 2969 per
989 2922 1154 2957 laicalem
1180 2921 1379 2968 potentiam
1409 2933 1471 2956 seu
1500 2921 1609 2955 aliam

1810 149 1836 196 Cr

1637 929 1777 964 Agaiust

1637 969 1798 997 hiuderers
1807 969 1842 998 of

1635 1008 1689 1037 the
1704 1018 1818 1038 execu-

1637 1048 1704 1076 tion
1717 1049 1751 1077 of

1636 1087 1728 1117 wills.

1636 1436 1777 1471 Against

1637 1475 1679 1512 inj
1685 1485 1771 1505 urers
1787 1477 1823 1505 of

1637 1515 1754 1543 chureh

1637 1559 1797 1594 properly.

1640 2266 1809 2296 sentences

1640 2307 1674 2336 of
1693 2316 1816 2335 excom-

1640 2347 1782 2375 munica-

1640 2387 1717 2415 tion.
