1935 3151
612 170 838 205 ORIGINAL
873 170 1162 205 DOCUMENrs.

120 281 343 333 Crakhale‚
384 281 558 324 Thomae
598 283 651 325 de
691 282 917 334 Fencotes,
960 286 1005 324 et
1046 283 1234 324 Roberto
1275 284 1329 325 de
1371 284 1654 336 Middclham‚

118 347 316 388 salutem.
393 347 503 396 Quia
533 348 684 388 datum
716 352 783 388 est
825 348 948 388 nobis
985 348 1175 403 intelligi
1216 349 1330 403 quod
1371 350 1416 389 in
1453 349 1656 403 hospitali

118 411 263 452 Beatae
286 412 433 452 Mariae
455 412 723 466 Magdalenae
746 412 926 466 Rypon',
944 412 1058 466 quod
1079 413 1132 453 de
1155 414 1464 467 temporalibus
1478 414 1656 456 Archie-

120 476 363 529 piscopatus
397 476 523 516 Ebor.
546 477 736 516 vacantis
769 480 814 516 et
846 477 891 516 in
923 489 1055 516 manu
1076 481 1222 517 nostra
1246 478 1472 518 existentis
1494 479 1657 530 existit,

120 553 196 592 pro
226 539 399 580 defectu
430 539 531 580 boni
562 540 787 594 regiminis
818 540 1094 594 quamplures
1125 540 1320 581 defectus
1352 542 1541 583 iminent
1573 541 1658 583 hiis

120 604 287 655 diebus,
309 605 383 657 qui
414 605 672 644 necessarias
702 603 1056 645 reformacionem
1089 608 1134 645 et
1165 606 1477 646 correccionem
1509 620 1658 660 expos-

120 671 240 719 cunt,
263 671 307 708 et
329 668 442 722 quod
462 668 750 722 possessiones
783 672 827 709 et
848 669 960 710 bona
991 668 1186 721 ejusdem
1208 668 1448 724 hospitalis,
1469 675 1561 711 tarn
1583 685 1659 724 per

121 734 344 774 custodem
376 747 505 787 quam
530 747 607 788 per
628 733 782 775 fratres
815 738 859 776 et
890 735 1111 775 ministros
1144 735 1340 789 ejusdem
1372 737 1656 778 diversimode

120 798 326 851 dissipata
348 801 463 847 sunt,
485 798 685 850 alienata,
708 801 753 838 et
773 802 954 849 vastata,
976 812 1023 839 ac
1047 799 1289 841 elemosinae
1312 804 1356 841 et
1378 801 1460 841 alia
1480 802 1659 855 pietatis

121 876 248 915 opera
280 876 374 916 quae
405 862 451 902 in
484 862 634 902 eodem
666 861 867 916 hospitali
899 863 945 903 in
967 862 1225 904 fundacione
1248 863 1444 918 ejusdem
1467 866 1659 906 stabilita

119 925 299 966 fuerunt
337 926 554 966 subtracta
591 930 708 977 sunt,
741 927 788 967 in
829 927 936 967 dicti
968 925 1191 980 hospitalis
1223 928 1460 983 dampnum
1502 934 1545 970 et
1587 930 1661 970 de-

121 990 492 1044 pauperacionem‚
534 993 578 1031 et
620 991 765 1031 cultus
807 991 955 1031 Divini
997 992 1336 1033 diminucionem
1370 994 1660 1045 manifestam,

121 1055 224 1104 Nos,
258 1055 303 1094 in
337 1055 566 1108 praemissis
607 1055 849 1095 remedium
890 1055 1085 1096 volentes
1126 1070 1339 1110 apponere
1382 1062 1659 1112 oportunum,

122 1119 434 1173 assignavimus
460 1133 549 1170 vos,
571 1120 779 1173 quinque,
802 1122 1000 1173 quatuor,
1022 1123 1126 1170 tres,
1148 1121 1217 1161 vel
1248 1121 1355 1162 duos
1377 1126 1584 1174 vestrum,
1606 1123 1660 1163 ad

124 1187 287 1224 statum
319 1184 524 1235 custodis,
546 1183 741 1235 fratrum,
766 1198 971 1236 sororum,
994 1188 1038 1226 et
1067 1185 1249 1227 aliorum
1277 1187 1589 1240 ministrorum,
1611 1202 1660 1228 ac

121 1248 439 1301 possessionum
482 1251 526 1288 et
566 1248 776 1289 bonorum
817 1249 924 1289 dicti
964 1248 1206 1303 hospitalis,
1237 1264 1405 1292 necnon
1437 1256 1572 1293 cartas
1616 1255 1660 1293 et

121 1313 395 1352 munimenta
425 1311 728 1353 fundacionem
761 1312 956 1367 ejusdem
987 1315 1220 1368 tangencia
1252 1316 1580 1369 supervfflenda,
1615 1320 1660 1357 et

121 1376 287 1416 dictum
319 1375 532 1430 hospitale
565 1380 655 1417 tam
685 1378 732 1417 in
763 1381 885 1431 parte
917 1391 1046 1431 quam
1076 1379 1123 1418 in
1154 1379 1358 1419 membris
1381 1381 1658 1431 visitandum,

121 1440 372 1494 dictumque
415 1441 638 1481 custodem
678 1441 747 1482 vel
784 1441 878 1495 ejus
919 1442 966 1482 in
1008 1440 1086 1483 hac
1128 1447 1250 1496 parte
1292 1447 1576 1495 attornatum,
1613 1459 1659 1485 ac

121 1503 289 1556 fratres,
313 1518 489 1555 sorores,
513 1508 558 1545 et
587 1506 809 1546 ministros
839 1506 1065 1559 praedictos
1098 1520 1225 1560 super
1246 1508 1476 1561 praemissis
1499 1510 1661 1548 exami-

121 1568 298 1619 nandos,
319 1582 366 1609 ac
399 1570 534 1609 eciam
565 1570 619 1609 ad
641 1570 949 1623 inquirendum
982 1571 1017 1610 si
1048 1584 1221 1612 necesse
1253 1571 1387 1612 fuerit
1417 1587 1494 1626 per
1527 1587 1661 1613 sacra-

123 1636 322 1672 mentum
353 1633 584 1686 proborum
616 1637 661 1673 et
691 1634 899 1688 legalium
929 1633 1157 1675 hominum
1188 1636 1241 1676 de
1274 1637 1485 1677 comitatu
1516 1638 1659 1688 Ebor.‚

122 1700 213 1736 tam
245 1696 357 1736 infra
387 1697 608 1737 libertates
633 1711 761 1751 quam
798 1702 931 1749 extra,
963 1712 1039 1752 per
1072 1713 1177 1752 quos
1213 1701 1276 1740 rei
1310 1702 1467 1741 veritas
1504 1702 1659 1742 melius

125 1761 222 1800 sciri
255 1762 431 1814 poterit,
454 1775 580 1815 super
612 1762 853 1802 defectibus
884 1763 1114 1816 praedictis,
1147 1766 1193 1803 et
1223 1764 1317 1805 aliis
1348 1766 1541 1805 articulis
1563 1780 1659 1819 pre-

122 1826 251 1865 missa
278 1825 632 1880 contingentibus
663 1827 835 1880 plenius
864 1828 1105 1868 veritatem.
1167 1828 1225 1868 Et
1253 1829 1349 1869 ideo
1385 1830 1504 1870 vobis
1536 1844 1658 1871 man-

121 1889 274 1928 damus
296 1890 409 1942 quod
430 1890 483 1930 ad
505 1893 641 1930 certos
663 1891 754 1931 dies
780 1905 885 1945 quos
907 1904 994 1942 vos,
1017 1892 1222 1945 quinque,
1244 1897 1441 1946 quatuor,
1463 1898 1566 1945 tres,
1588 1896 1656 1935 vel

121 1953 206 1992 duo
243 1957 448 2003 vestrum,
483 1954 536 1994 ad
569 1953 648 1994 hoc
688 1956 974 2008 provideritis,
1011 1956 1064 1995 ad
1100 1957 1267 1996 dictum
1308 1956 1519 2011 hospitale
1560 1973 1657 2012 per-

122 2017 324 2057 sonaliter
345 2018 595 2058 accedentes
626 2019 956 2072 inquisicionem
986 2020 1236 2073 praedictam
1257 2020 1422 2061 faciatis
1454 2023 1499 2062 in
1520 2023 1656 2063 forma

121 2084 376 2136 supradicta,
410 2087 456 2125 et
490 2098 583 2125 eam
618 2085 822 2126 distincte
856 2089 902 2126 et
938 2091 1086 2140 aperte
1122 2087 1278 2127 factam
1314 2088 1436 2128 nobis
1471 2090 1517 2128 in
1547 2089 1654 2130 Can-

121 2148 291 2188 cellaria
322 2152 468 2189 nostra
490 2149 569 2190 sub
602 2150 754 2204 sigillis
776 2152 946 2202 vestris,
968 2152 1174 2205 quinque,
1196 2155 1393 2206 quatuor,
1415 2154 1562 2204 trium,
1585 2155 1653 2194 vel

121 2213 305 2252 duorum
333 2217 540 2265 vestrum,
566 2218 611 2254 et
638 2215 789 2269 sigillis
817 2229 965 2255 eorum
993 2230 1070 2269 per
1097 2231 1202 2270 quos
1230 2216 1341 2257 facta
1368 2217 1515 2268 fuerit,
1546 2219 1654 2259 citra

123 2277 238 2317 diem
266 2277 471 2317 Mercurii
504 2279 695 2331 proxime
725 2282 823 2332 post
853 2279 1013 2319 festum
1046 2280 1300 2320 Nativitatis
1333 2280 1477 2321 Beatae
1503 2282 1652 2322 Μαι-1113

124 2339 315 2394 Virginis
338 2342 528 2395 proxime
550 2341 746 2382 futurum
768 2344 971 2393 mittatis,
995 2347 1038 2383 et
1060 2343 1136 2383 hoc
1158 2344 1301 2384 breve.
1352 2345 1652 2387 Mandavimus

123 2404 241 2443 enim
273 2406 454 2457 custodi,
486 2406 702 2457 fratribus,
726 2407 950 2458 sororibus,
973 2411 1018 2447 et
1048 2409 1257 2447 ministris
1289 2409 1517 2462 praeclictiS‚
1541 2412 1653 2463 quod

123 2467 240 2507 vobis
262 2470 467 2523 quinque,
489 2474 687 2523 quatuor,
709 2471 865 2521 tribus,
879 2472 946 2510 vel
961 2471 1126 2511 duobus
1143 2476 1348 2523 vestrum,
1365 2474 1409 2512 in
1424 2476 1652 2527 praeniissis

121 2530 328 2572 faciendis
351 2538 395 2573 et
416 2534 638 2587 explendis
659 2538 838 2587 pareant
860 2538 903 2574 et
925 2535 1170 2585 intendant,
1192 2550 1238 2576 ac
1253 2537 1491 2577 vicecomiti
1506 2543 1651 2579 nostro

125 2594 364 2636 Comitatus
400 2598 593 2651 praedicti
634 2598 747 2651 quod
781 2598 833 2638 ad
875 2602 1011 2639 certos
1051 2600 1142 2640 dies
1184 2614 1288 2653 quos
1330 2614 1403 2640 vos
1444 2603 1650 2655 quinque,

124 2663 320 2711 quatuor,
348 2664 451 2712 tres,
480 2662 546 2702 vel
575 2662 660 2701 duo
684 2666 875 2702 vestrum
908 2663 946 2702 ei
982 2664 1078 2703 sciri
1105 2663 1287 2714 faciatis,
1316 2665 1460 2704 venire
1485 2665 1650 2707 faciatis

124 2736 264 2762 coram
285 2725 403 2765 vobis
425 2726 630 2779 quinque,
652 2730 849 2779 quatuor,
863 2727 1017 2777 tribus,
1039 2728 1107 2768 vel
1129 2728 1295 2768 duobus
1318 2733 1522 2779 vestrum,
1536 2731 1650 2784 apud

126 2784 335 2839 hospitale
366 2790 634 2842 praedictum,
657 2793 724 2829 tot
751 2794 794 2830 et
823 2791 931 2831 tales
959 2791 1112 2844 probos
1135 2796 1179 2832 et
1200 2792 1358 2845 legales
1379 2791 1574 2834 homines
1596 2795 1650 2835 de

127 2849 282 2890 balliva
304 2865 390 2902 sua,
413 2856 503 2892 tam
524 2853 633 2893 infra
654 2853 877 2894 libertates
899 2869 1026 2908 quam
1049 2858 1181 2906 extra,
1202 2870 1278 2909 per
1299 2869 1403 2909 quos
1417 2858 1480 2897 rei
1494 2859 1651 2899 veritas

128 2913 173 2952 in
194 2915 421 2967 praemissis
442 2917 598 2958 melius
620 2918 716 2957 sciri
745 2919 903 2970 poterit
926 2922 969 2959 et
992 2919 1166 2972 inquiri.
1228 2920 1280 2959 In
1302 2919 1424 2973 cujus
1445 2922 1506 2961 rei
1527 2924 1653 2964 testi-

865 3001 886 3024 α
909 2993 927 3022 2

1791 162 1883 210 227

1688 359 1788 390 There
1800 369 1880 390 wcrc

1690 401 1800 428 abusos

1690 440 1854 477 requiring

1692 483 1722 508 to
1739 481 1774 507 bc
1790 489 1835 508 re-

1690 518 1819 548 formed.

1692 682 1886 712 Possessions

1692 724 1753 751 aud
1769 722 1865 757 goods

1691 762 1821 792 wasted.

1692 1394 1757 1423 The
1773 1394 1863 1424 Cam-

1693 1434 1872 1463 missionem

1693 1483 1774 1501 were
1791 1478 1822 1502 to

1693 1512 1766 1541 hold
1785 1522 1803 1542 a
1817 1514 1892 1542 visi-

1693 1553 1806 1581 tntion.

1684 2357 1882 2395 lemnzter,

1685 2398 1841 2435 brethren,

1685 2440 1752 2471 cte„
1771 2443 1801 2466 to

1684 2476 1763 2514 obe—V
1780 2477 1842 2505 :md

1685 2516 1794 2544 attend
1811 2521 1843 2545 to

1684 2555 1778 2584 thcm.
