1915 3068
87 150 148 196 16

85 489 152 511 Am.
167 481 223 510 681
240 484 273 510 to

86 522 154 550 686.

86 576 226 606 Labours

85 625 202 653 among

86 655 161 684 Sout
166 656 187 684 h

86 693 219 724 Saxons.

86 1315 223 1345 Returns
238 1318 270 1345 to

86 1355 172 1384 York
189 1356 252 1385 aud

85 1396 112 1424 is
126 1395 239 1424 buried

85 1436 120 1464 at
134 1435 248 1473 Ripon.

84 1852 153 1875 Λ.ι).
168 1846 235 1874 686.

85 1900 230 1931 wilfrith

800 162 1076 197 MEMORIALS
1111 163 1170 196 OF
1205 163 1363 197 RIPON.

797 313 1064 348 WILFRITH
1089 313 1145 348 IN
1171 312 1372 348 SUSSEX.

461 399 610 434 TABLET
634 409 679 434 IN
704 410 779 434 THE
805 399 934 435 Soum
958 400 1168 444 ΤΒΑΝΒΕΡΤ,
1194 398 1439 434 OHICHESTER
1464 398 1709 433 CATHEDRAL.

409 469 589 510 Sanctus
611 470 834 511 Wssfridus
856 470 1209 524 Archiepiscopus
1224 470 1349 510 Ebor.
1365 470 1418 509 ad
1434 469 1640 509 australes
1664 469 1849 509 Saxones

320 547 364 574 se
385 534 603 574 divertens
625 535 683 575 Et
704 534 843 574 adhuc
858 548 1042 588 paganos
1063 534 1159 574 illos
1181 535 1407 574 inveniens
1422 547 1498 587 per
1521 537 1710 573 sanctam
1732 533 1851 573 verbi

320 598 402 637 Dei
415 599 765 651 praedicacionem
781 598 1033 639 Cedwallam
1047 612 1195 638 eorum
1202 599 1367 653 Regem
1376 597 1647 638 fundatorem
1663 598 1850 638 eeclesiae

320 661 599 702 Cicestrensis
633 677 731 702 cum
766 676 896 703 uxore
938 676 1014 702 sua
1053 676 1140 702 una
1175 676 1274 702 cum
1310 662 1437 702 dictis
1481 661 1850 702 Southsaxonibus

317 727 696 779 sacribaptismatis
717 727 834 767 unda
853 727 1128 780 regeneravit
1150 727 1233 774 Qui
1257 726 1466 767 Cedwalla
1496 728 1646 779 postea
1667 726 1850 766 Romam

318 790 610 843 profisciscens
638 791 675 830 A
708 791 857 845 Sergio
887 804 998 844 papa
1028 791 1360 830 consecracionis
1391 803 1551 829 munus
1582 790 1774 843 optinuit
1805 793 1850 829 et

318 855 481 895 ibidem
502 859 698 896 mortuus
723 855 851 909 juxta
883 858 1081 896 sanctum
1111 856 1290 896 Petrum
1325 855 1521 909 sepultus
1554 858 1632 895 est.
1696 854 1850 895 Sancto

319 933 418 960 vero
438 919 641 960 Wssfrido
661 919 802 960 adhuc
816 921 980 961 viventi
996 920 1144 960 divina
1164 919 1372 959 miracula
1384 933 1470 959 non
1484 918 1718 959 defuerunt
1739 919 1851 958 Nam

318 984 363 1023 in
385 984 527 1024 insula
548 984 772 1025 Selisiensi
788 984 927 1024 tribus
942 985 1065 1024 annis
1079 987 1180 1024 ante
1203 983 1297 1037 ejus
1318 984 1553 1023 adventum
1570 983 1717 1036 pluvia
1731 983 1852 1022 nulla

317 1049 532 1089 ceciderat
551 1049 668 1089 unde
693 1052 837 1102 pestes
859 1052 901 1089 et
924 1048 1060 1088 fames
1082 1047 1362 1088 vehementes
1385 1050 1543 1087 secutae
1566 1050 1668 1087 sunt
1688 1048 1734 1086 in
1757 1046 1850 1100 ejus

318 1126 417 1152 vero
438 1113 629 1152 adventu
649 1113 798 1166 pluvia
817 1111 1119 1153 habundanter
1135 1115 1295 1152 terram
1316 1111 1513 1166 irrigavit
1535 1114 1579 1151 et
1600 1114 1691 1151 tam
1706 1114 1851 1164 pestes

319 1189 448 1229 quam
470 1176 603 1216 fames
630 1179 902 1217 cessaverunt
932 1177 1048 1217 Item
1078 1176 1184 1216 dum
1218 1176 1336 1215 idem
1369 1175 1450 1215 Dei
1489 1175 1691 1216 Sacerdos
1724 1175 1850 1215 sacris

318 1241 546 1280 missarum
568 1240 830 1281 solemnibus
861 1242 1044 1281 instaret
1074 1241 1188 1295 regis
1218 1239 1386 1294 ngridi
1417 1240 1647 1279 interitum
1667 1240 1713 1278 in
1737 1239 1851 1279 bello

318 1308 466 1344 contra
486 1306 623 1359 pictos
644 1305 809 1345 coelesti
831 1306 994 1345 visione
1025 1305 1278 1358 conspexit.l
1343 1304 1435 1352 Quo
1466 1304 1586 1358 Rege
1608 1307 1777 1343 mortuo
1797 1303 1850 1343 ad

320 1369 465 1409 sedem
487 1383 607 1409 suam
628 1369 939 1410 Eboracensem
969 1383 1068 1409 cum
1099 1368 1257 1409 honore
1289 1382 1483 1408 reversus
1514 1368 1560 1407 in
1591 1368 1779 1407 Ecclesia
1799 1368 1851 1407 de

319 1433 489 1487 Rippon
521 1447 650 1486 quam
681 1436 978 1473 construxerat
1008 1431 1241 1472 honorifice
1261 1432 1519 1472 tumulatur.
1582 1430 1686 1487 (See
1709 1431 1850 1482 Baeda‚

318 1497 378 1539 H.
401 1497 452 1538 Ε.
474 1498 531 1538 iv.
557 1499 636 1546 13;
669 1498 847 1548 Eddius,
868 1497 969 1546 xli.;
1001 1497 1200 1547 Eadmer,
1229 1495 1497 1550 xxxiX.—xli.)

639 1663 907 1699 WILFRITH
931 1662 1197 1699 RESTORED
1222 1663 1283 1699 TO
1309 1662 1398 1698 HIS
1425 1662 1529 1697 SEE.

954 1749 1115 1794 Erimus,
1133 1748 1222 1785 xliv.

406 1826 512 1866 Post
531 1825 808 1866 intervallum
838 1827 1060 1879 temporie,
1084 1826 1319 1866 secundum
1347 1824 1588 1880 Agathonis
1611 1825 1851 1866 beatissimi

317 1891 560 1943 apostolicae
583 1891 695 1930 sedis
716 1890 925 1943 praesulis,
940 1894 985 1930 et
1006 1894 1163 1930 sanctae
1182 1890 1366 1944 Synodis
1383 1889 1615 1943 judicium,
1637 1891 1851 1943 propriam

392 1969 448 2014 (1)
475 1968 627 2003 Neither
656 1968 750 2003 Eddi
777 1980 842 2003 nor
870 1969 983 2003 Baeda
1011 1968 1187 2003 mentions
1216 1968 1415 2003 Wilfrith’s
1444 1968 1559 2003 vision
1590 1968 1631 2003 of
1656 1968 1851 2014 Ecgsrith's
1904 2006 1908 2009 ,

318 2021 440 2064 death,
456 2020 523 2055 but
541 2021 696 2055 Eadmer
720 2021 848 2056 relates
876 2021 906 2055 it
935 2033 973 2055 as
1002 2020 1223 2056 follows:—‘
1237 2020 1320 2066 Ipsa
1343 2025 1463 2055 autem
1485 2020 1576 2055 hora
1604 2032 1674 2066 qua
1698 2020 1764 2055 iste
1788 2032 1851 2055 rex

316 2073 420 2119 gravi
452 2072 548 2107 bello
575 2073 612 2107 in
642 2073 826 2108 Pictorum
858 2072 1041 2119 provincia
1072 2073 1309 2119 premebatur,
1339 2084 1461 2107 servus
1489 2073 1751 2118 Omnipotentis
1781 2072 1851 2108 Dei

319 2125 514 2160 wilfridus
547 2125 584 2158 in
618 2125 711 2159 Suth
745 2125 903 2160 Saxonia
935 2125 1042 2159 sacris
1075 2125 1261 2159 missarum
1302 2124 1597 2160 celebrationibus
1632 2124 1849 2159 intendebat.

319 2177 480 2223 Cumque
511 2177 605 2211 dicto
626 2178 774 2212 Sursum
802 2178 918 2221 corda,
935 2178 1204 2223 responderetur
1229 2178 1409 2211 Habemus
1434 2178 1481 2211 ad
1502 2177 1709 2220 Dominum,
1726 2181 1850 2223 raptus

317 2230 354 2264 in
383 2230 512 2264 mentis
537 2241 721 2264 excessum
747 2229 837 2264 vidit
871 2230 995 2264 eodem
1028 2235 1210 2264 momento
1237 2241 1299 2275 per
1329 2229 1504 2275 Spiritum
1538 2229 1616 2273 Dei,
1650 2229 1851 2274 chridum,

318 2282 434 2328 capite
460 2294 604 2326 caesum,
622 2281 728 2316 morti
745 2281 983 2328 procumbere.
1034 2281 1115 2323 Qua
1142 2281 1277 2316 risione
1304 2281 1526 2327 perterritus,
1544 2280 1674 2328 majori
1692 2286 1747 2315 est
1769 2286 1850 2328 post

319 2334 498 2369 modicum
515 2338 648 2369 terrore
673 2334 867 2380 perculsus.
917 2334 1010 2368 Nam
1036 2345 1117 2368 cum
1144 2333 1335 2379 Sequentia
1363 2333 1483 2368 Missae
1510 2338 1795 2379 prosequeretur,
1812 2337 1850 2368 et

320 2387 354 2421 in
373 2387 603 2431 Proefatione,
622 2388 691 2421 Per
714 2387 890 2421 Christum
908 2386 1104 2420 Dominum
1129 2391 1286 2419 nostrum
1311 2385 1487 2420 diceretur
1513 2385 1557 2420 ab
1573 2385 1671 2432 ipso;
1697 2385 1849 2431 aspexit,

318 2444 355 2474 et
373 2440 472 2474 ecce!
501 2440 571 2474 duo
594 2439 742 2484 maligni
768 2438 912 2484 spiritus
935 2439 1090 2473 animam
1115 2437 1205 2483 regis
1223 2441 1305 2472 ante
1321 2437 1431 2484 ipsius
1456 2438 1577 2472 oculos
1602 2437 1848 2472 miserabiliter

317 2492 529 2536 attulerunt,
548 2491 666 2537 sicque
697 2491 871 2525 horrendo
898 2490 1034 2536 gemitu
1063 2490 1302 2535 suspirantem
1332 2501 1451 2524 secum
1469 2490 1514 2523 ad
1532 2489 1662 2524 inferni
1693 2490 1847 2524 claustra

318 2544 490 2579 tulerunt.
541 2544 629 2578 Ilico
648 2544 786 2578 Accam
803 2543 1050 2589 presbytermn
1069 2554 1173 2577 suum
1191 2543 1344 2585 vocavit,
1363 2546 1400 2576 et
1417 2542 1447 2576 ei
1464 2546 1595 2577 cuncta
1611 2554 1689 2588 quae
1709 2542 1848 2577 viderat

318 2596 509 2631 enarravit.
561 2596 623 2630 Ad
640 2607 719 2641 quae
736 2595 921 2641 presbyter
939 2594 1141 2630 vehementi
1167 2599 1310 2640 stupore
1329 2593 1514 2638 attonituS,
1532 2593 1595 2628 vix
1620 2593 1716 2628 illius
1732 2593 1846 2628 verbis

319 2648 480 2682 auditum
492 2648 668 2694 patienter
686 2648 827 2682 credere
845 2647 974 2693 potuit.
1024 2646 1047 2680 J
1053 2657 1152 2681 ussus
1170 2651 1302 2690 tamen,
1314 2646 1407 2680 diem
1421 2650 1457 2680 et
1470 2646 1595 2680 horam
1613 2645 1719 2691 regiae
1738 2646 1847 2680 inter-

317 2699 480 2734 sectionis
497 2700 647 2742 notavit,
664 2704 701 2733 et
718 2711 798 2734 eam
823 2699 934 2745 ipsam
952 2698 1061 2733 fuisse
1079 2702 1160 2744 post
1184 2698 1320 2743 aliquot
1342 2698 1416 2732 dies
1440 2697 1490 2731 rei
1518 2702 1628 2743 gestae
1661 2698 1845 2733 attestatio

317 2752 803 2798 comp1-0bavit.’-Eadmer,
830 2763 906 2797 cap.
933 2751 1021 2785 xliii.
1082 2751 1196 2785 Baeda
1222 2751 1292 2785 and
1316 2750 1378 2785 the
1404 2751 1536 2784 author
1560 2750 1600 2784 of
1624 2750 1685 2784 the
1712 2762 1846 2796 anony-

316 2816 419 2838 mous
435 2804 499 2839 lise
516 2805 626 2839 relate
653 2805 737 2838 how
764 2804 826 2838 the
844 2815 941 2838 same
968 2806 1076 2838 event
1104 2814 1179 2837 was
1208 2803 1372 2837 revealed
1389 2806 1425 2836 to
1443 2801 1495 2836 St.
1514 2801 1717 2837 Outhberht
1745 2815 1783 2837 as
1799 2803 1844 2837 he
1902 2831 1908 2837 .

316 2867 391 2890 was
408 2856 514 2902 being
531 2856 654 2890 shewn
673 2868 694 2890 a
711 2855 872 2890 fountain
896 2855 965 2889 aud
984 2855 1086 2889 other
1109 2855 1326 2889 marvellous
1342 2854 1459 2889 works
1477 2853 1517 2889 of
1542 2855 1603 2888 the
1629 2854 1788 2889 Romans
1806 2858 1845 2888 at

315 2907 526 2943 Carlisle.—
540 2909 608 2944 Vit.
629 2910 663 2943 S.
688 2909 808 2943 Onthb.
828 2908 939 2943 xxvii.
955 2920 963 2950 ;
1000 2908 1070 2942 Vir.
1089 2909 1207 2942 Anon,
1226 2908 1274 2942 iv.
1293 2908 1350 2942 37.
