1915 3068
428 159 662 194 EXCERPTS
698 160 827 193 FROM
862 159 1168 204 CIIRONICLES,
1205 160 1300 193 ETC.

92 273 383 327 indicavitque
414 273 454 313 ei
475 271 745 313 Alchfrithus
776 286 851 313 rex
881 272 934 312 de
967 272 1123 312 Sancto
1144 271 1367 313 Wilfritho
1397 271 1553 312 abbate
1574 271 1627 311 ab

92 338 334 391 Apostolica
355 338 454 378 sede
476 338 694 388 veniente,
709 338 821 377 sicut
842 337 906 376 illi
926 337 1178 377 nuntiatum
1195 340 1262 377 est
1276 337 1329 377 ab
1342 335 1409 376 his
1431 337 1504 389 qui
1526 350 1626 376 eum

91 405 313 452 noverant,
335 402 527 441 dicentes
549 402 689 441 virum
706 415 796 441 esse
813 400 1024 441 humilem
1042 404 1086 441 et
1099 402 1312 454 quietum,
1327 402 1372 440 in
1381 400 1561 454 jejuniis
1584 404 1629 440 et,

92 465 357 505 orationibus
389 468 658 518 occupatum,
680 465 933 520 benignum,
957 465 1159 516 sobrium,
1181 466 1440 515 modestum,
1462 465 1629 505 miseri-

92 529 278 579 cordem,
300 529 477 583 plenum
498 530 769 569 auctoritatis
785 532 829 569 et
842 530 992 583 gratiae
1007 529 1102 580 Dei,
1116 530 1338 582 pudicum,
1352 530 1628 583 prudentem,

92 607 178 633 non
201 594 485 644 vinolentum,
507 594 752 644 docibilem,
775 597 820 634 et
842 595 952 634 bene
974 594 1215 645 docentem,
1239 608 1432 634 sermone
1455 608 1561 647 puro
1585 598 1630 634 et

91 661 265 711 apert03
297 658 506 712 ‘ideoque
540 672 643 712 rogo
674 661 735 708 te,
766 661 817 698 ut
847 659 1042 711 imponas
1074 672 1201 711 super
1243 672 1343 698 eum
1374 658 1629 712 presbyterii

93 722 315 776 ‘gradum,
359 725 404 762 et
441 723 498 762 sit
538 721 648 761 mihi
685 736 827 762 comes
863 722 1142 762 individuus?
1203 723 1439 776 Episcopus
1480 726 1629 762 autem

92 786 314 839 respondit
345 787 385 826 ei
417 785 668 839 prophetico
700 787 870 840 spiritu,
903 789 914 808 ⁶
933 786 1046 826 Talis
1078 788 1231 840 utique
1253 788 1383 828 debet
1405 788 1629 840 episcopus

94 850 267 899 ‘fieri3'
299 854 343 890 et
375 864 491 898 eum,
522 851 759 890 secundum
790 854 1057 904 praeceptum
1089 852 1218 905 regis,
1240 852 1286 891 in
1319 852 1480 905 Hrypis
1512 864 1630 904 pres-

91 914 292 968 byterum
314 914 540 954 ordinavit.
604 914 727 955 Sicut
748 919 895 954 autem
918 915 1070 965 David,
1085 929 1192 968 puer
1214 916 1376 956 electus
1398 930 1423 955 a
1444 916 1629 955 Domino

92 982 171 1029 est,
214 982 258 1018 et
298 991 374 1031 per
407 978 652 1019 Samuelem
685 981 858 1029 unctus,
893 979 1004 1018 dona
1038 978 1276 1032 prophetiae
1309 981 1498 1034 accipere
1533 982 1629 1033 post

90 1042 250 1082 multas
270 1043 580 1096 temptationes
601 1044 763 1083 meruit·
781 1058 792 1092 3
824 1044 886 1083 ita
917 1042 1100 1083 Sanctus
1121 1042 1369 1084 Wilfrithus
1391 1044 1629 1097 presbyter,

90 1109 189 1159 post
228 1106 389 1146 multas
430 1107 755 1147 benedictiones
797 1106 1054 1147 Sanctorum
1096 1107 1191 1158 Dei,
1233 1112 1323 1148 tam
1365 1108 1630 1161 multiplices

91 1170 344 1210 donationes
377 1184 517 1210 coram
550 1171 642 1211 Deo
675 1174 720 1211 et
755 1170 1018 1221 hominibus,
1052 1185 1157 1224 quas
1191 1185 1443 1213 enumerare
1483 1172 1629 1212 nullus

91 1237 250 1288 potest,
281 1234 373 1274 Deo
405 1235 668 1276 concedente
703 1238 748 1275 et
780 1236 828 1275 in
860 1236 1073 1289 angustiis
1115 1236 1204 1276 suis
1238 1237 1529 1288 custodiente,
1558 1250 1629 1277 ac-

92 1299 220 1351 cepit.

469 1378 705 1423 FRmEGonA,
730 1378 811 1413 Vita
825 1379 860 1414 S.
888 1378 1058 1425 Wigfridz‘,
1074 1380 1251 1414 221-228.

564 1454 673 1496 Cum
694 1469 795 1509 rege
817 1468 1012 1504 manens,
1036 1458 1102 1495 sat
1121 1456 1261 1495 multa
1281 1455 1471 1510 benigno

327 1518 529 1560 Obtinuit
549 1520 706 1559 merito
728 1520 942 1573 pecuaria,
964 1520 1136 1573 praedia,
1157 1534 1326 1570 census,

325 1584 469 1636 Atque
490 1584 801 1624 monasterium
822 1584 989 1638 vulgari
1010 1585 1185 1624 nomine
1207 1584 1372 1637 Hripis.

326 1648 410 1696 Qui
432 1661 519 1687 non
541 1651 691 1688 ceratas
712 1648 904 1689 instabat
925 1648 1109 1688 condere
1131 1662 1270 1702 gazas,

324 1712 510 1765 Dapsilis
533 1715 600 1751 ast
621 1713 803 1763 cunctis,
825 1712 986 1752 dedans
1009 1713 1252 1766 epimenia¹
1276 1713 1390 1762 vitae,

324 1776 591 1829 Pauperibus
613 1776 750 1831 largas
772 1777 989 1830 praebebat
1012 1777 1186 1817 sedulus
1209 1790 1338 1827 escas,

325 1840 534 1893 Exemplo
555 1841 746 1893 pandens
767 1841 908 1893 pariat
929 1841 1034 1894 quid
1058 1842 1236 1894 spiritus
1257 1841 1426 1883 ardens.

514 1969 692 2013 ΕΑΒΜΕΒ,
720 1970 801 2004 Vita
827 1969 999 2016 Wiffiwidi,
1016 1982 1094 2016 cap.
1112 1970 1187 2005 viii.

177 2043 358 2084 Praefuit
394 2058 442 2084 eo
483 2047 677 2098 tempore
713 2046 836 2099 genti
870 2046 911 2085 N
913 2045 1315 2087 ordanhimbrorum
1349 2046 1623 2090 Christianis-

89 2108 221 2147 simus
242 2122 316 2148 rex
333 2107 510 2158 Oswius,
525 2123 736 2149 successor
752 2109 990 2150 beatissimi
1003 2112 1115 2165 regis
1134 2114 1178 2151 et
1194 2113 1392 2166 martyris
1411 2113 1592 2154 Oswaldi
1611 2129 1622 2163 3

88 2172 163 2225 qui
187 2171 350 2212 Oswius
373 2172 511 2212 filium
534 2187 660 2212 suum
682 2173 897 2213 Alfridum
918 2176 1042 2229 regni
1075 2176 1236 2215 socium
1268 2178 1349 2217 sibi
1379 2179 1621 2219 constituit.

88 2236 225 2276 Fuere
255 2239 403 2276 autem
435 2237 609 2290 utrique
640 2251 762 2292 reges
798 2239 843 2277 in
877 2238 1119 2279 Christiana
1149 2240 1357 2294 religione
1388 2242 1619 2293 ferventes,

88 2300 362 2340 ecclesiarum
383 2301 709 2354 diligentissimi
731 2303 915 2342 cultores
937 2307 981 2343 et
1002 2302 1306 2344 catholicarum
1328 2306 1618 2347 doctrinarum

89 2365 389 2405 studiosissimi
410 2366 642 2416 auditores,
664 2371 889 2417 amatores,
913 2372 1154 2409 sectatores.
1219 2370 1326 2410 Cum
1343 2385 1445 2425 ergo
1466 2372 1618 2412 beatus

88 2430 151 2468 vir
171 2429 252 2468 Dei
272 2429 497 2469 wilfridus
518 2431 564 2469 in
585 2432 768 2483 patriam
799 2436 913 2471 esset
933 2446 1143 2484 reversus,
1166 2433 1279 2474 fama
1301 2437 1541 2476 sanctitatis
1573 2442 1618 2477 et

87 2493 328 2545 prudentiae
361 2492 468 2546 erS,
490 2493 604 2533 fama
635 2495 891 2547 eloquentiae
923 2500 968 2535 ct
989 2497 1242 2550 Apostolicae
1273 2499 1478 2540 doctrinae
1510 2500 1617 2554 erS,

87 2556 417 2610 circumquaque
468 2558 578 2597 mira
630 2558 850 2599 celeritate
902 2561 1122 2609 innotuit3
1174 2576 1338 2602 necnon
1389 2564 1442 2603 ad
1492 2579 1616 2605 aures

87 2621 388 2672 praedictorum
401 2622 641 2674 principum
664 2623 834 2676 ingenti
856 2638 954 2664 cum
976 2625 1101 2665 laude
1123 2628 1340 2678 processit.
1404 2628 1617 2669 Sanctitas

87 2698 256 2737 quoque
308 2688 352 2724 et
403 2686 587 2739 insignis
630 2700 749 2726 amor
789 2686 1141 2739 Christianitatis,
1182 2691 1257 2743 qui
1297 2705 1451 2745 regum
1492 2694 1618 2733 corda

161 2806 218 2852 (1)
247 2807 418 2852 Monthly
434 2807 612 2853 offerings.
661 2809 828 2844 Another
844 2810 922 2845 MS.
948 2810 1013 2845 has
1031 2812 1040 2830 ‘
1054 2811 1259 2856 hermenia‚’
1277 2813 1553 2859 interpretation
1578 2826 1618 2850 or

89 2858 313 2894 instruction.
363 2860 442 2894 Has
472 2860 533 2894 the
563 2861 664 2895 word
690 2861 728 2895 in
757 2862 818 2896 the
846 2866 926 2897 text
954 2875 1025 2909 any
1055 2864 1230 2899 reference
1263 2870 1300 2899 to
1334 2866 1499 2912 monthly
1523 2878 1618 2901 com-

91 2911 264 2946 munion?
314 2912 389 2947 The
405 2913 639 2959 interlineary
657 2914 753 2958 gloss
770 2915 833 2949 has
850 2917 859 2934 ‘
873 2916 975 2951 esca!

1663 865 1702 894 he
1718 865 1744 894 is
1759 874 1806 894 or-

1663 905 1775 934 daincd

1663 944 1761 981 priest
1777 947 1811 973 at

1664 984 1776 1022 Ripon.

1662 1471 1730 1494 ΛΑ).
1745 1465 1812 1494 661.

1662 1520 1788 1550 Estates
1803 1522 1837 1550 at

1662 1560 1776 1599 Ripon.

1723 2067 1791 2089 Ap.

1657 2100 1714 2128 642
1736 2103 1768 2128 to
1789 2100 1859 2129 670.

1656 2154 1722 2184 The
1738 2156 1827 2194 piety

1654 2195 1688 2223 of
1700 2195 1808 2224 Oswiu

1655 2235 1717 2263 and
1733 2235 1829 2263 Alch-

1652 2274 1741 2304 srith.
