1935 3151
90 128 184 175 176

94 776 185 806 Since
199 777 254 806 the

94 816 232 854 Chapter
247 816 282 845 of

96 855 197 893 Ripon
211 856 293 884 have

94 895 228 933 granted
238 895 293 924 the

94 940 145 963 ten
161 934 266 963 marks

92 976 126 1004 to
142 973 279 1002 Richard

95 1012 207 1047 Lucae,
223 1013 277 1041 the

94 1052 252 1089 thaplaim

93 1867 131 1896 he
147 1877 222 1906 may

91 1906 226 1936 'di-train
241 1916 282 1935 on

95 1945 248 1976 Ledeston
269 1946 296 1974 is

94 1994 139 2015 we
155 1987 210 2015 fail
227 1990 259 2014 to

95 2034 168 2064 pay·

814 143 1089 176 MEMORIALS
1125 143 1182 176 OF
1221 144 1263 176 RI
1273 143 1375 176 PON.

332 257 435 297 dicti
460 257 579 297 Prior
612 260 652 296 et
677 260 911 296 conventus
941 256 1229 295 concessimus
1252 269 1326 309 pro
1347 255 1469 295 nobis
1490 260 1535 295 et
1552 256 1862 297 successoribus

330 322 487 362 nostris
509 321 626 361 illam
648 334 847 360 renovare
877 324 922 359 et
942 320 994 359 de
1016 333 1124 359 novo
1145 334 1220 373 per
1241 333 1318 359 nos
1340 323 1385 360 et
1417 333 1675 360 successores
1696 326 1863 361 nostros

333 386 520 440 sigillare
543 399 669 438 super
690 384 837 424 debita
859 388 902 423 et
924 384 1169 423 racionabili
1201 384 1482 437 requisicione
1514 398 1590 437 per
1611 384 1727 424 idem
1749 385 1863 438 capi-

331 449 477 490 tulum
501 450 566 490 vel
589 462 847 489 successores
870 461 965 487 suos
986 447 1107 487 nobis
1129 447 1240 488 facta
1261 448 1348 488 sive
1369 448 1415 488 in
1435 447 1633 488 futurum
1654 447 1863 488 facienda.

420 513 509 554 Nos
530 526 700 566 quoque
721 512 826 552 dicti
853 512 973 551 Prior
1005 515 1050 551 et
1072 511 1319 552 Conventus
1350 512 1404 551 ad
1426 511 1515 552 haec
1537 512 1684 552 omnia
1705 515 1751 552 et
1773 513 1862 551 sin-

329 577 433 631 gula
454 577 639 617 fideliter
667 575 928 616 observanda
959 575 1201 629 obligamus
1222 590 1299 615 nos
1331 579 1375 616 et
1407 589 1666 616 successores
1697 579 1863 616 nostros

329 641 652 695 imperpetuum
688 640 938 693 juramento
979 639 1214 694 religionis,
1254 643 1383 693 prout
1423 641 1466 679 in
1512 639 1662 679 eodem
1705 640 1863 693 scripto

330 709 476 745 nost-ro
497 705 599 745 inde
621 704 732 744 facto
754 704 881 757 plene
902 703 1053 757 liquet.

417 769 714 819 Postmodum,
736 782 837 808 cum
861 768 1087 821 praefatum
1120 767 1368 821 Capitulum
1401 767 1592 807 ecclesiae
1624 767 1862 823 collegiatae

327 847 403 886 pro
427 846 468 873 se
491 836 536 873 et
562 832 874 872 successoribus
906 832 994 871 suis
1026 846 1101 885 per
1131 836 1294 872 cartam
1326 831 1595 872 indentatam
1617 830 1741 885 cujus
1762 832 1863 872 data

328 901 394 937 est
416 897 670 937 duodecimo
698 897 767 936 die
800 897 961 936 mensis
992 896 1256 947 Decembris,
1279 897 1404 936 Anno
1425 896 1599 936 Domini
1620 907 1655 935 M
1676 906 1780 936 CCCC
1801 896 1862 935 lx⁰

328 965 460 1012 sexto,
483 967 528 1002 et
562 962 685 1015 regni
718 962 832 1015 regis
861 961 1055 1001 Edwardi
1091 961 1234 1014 quarti
1272 964 1405 1010 sexto,
1432 974 1560 1014 quam
1582 960 1861 1013 inspeximus,

327 1039 465 1080 nuper
486 1026 746 1066 tradiderint
768 1028 812 1065 etv
833 1026 1121 1065 concesserint
1141 1025 1316 1065 domino
1337 1025 1519 1065 Ricardo
1550 1025 1700 1074 Lucas,
1721 1025 1862 1078 capel-

327 1090 424 1130 lano
450 1090 648 1130 cantariae
681 1089 877 1144 magistri
905 1088 1116 1130 Johannis
1149 1089 1322 1129 Sendall
1353 1089 1399 1128 in
1431 1089 1607 1129 ecclesia
1637 1088 1863 1143 collegiata

327 1155 544 1208 praedicta,
566 1154 618 1193 de
642 1154 820 1193 licencia
840 1153 1124 1193 illustrissimi
1144 1153 1349 1207 principis
1365 1153 1558 1192 Edwardi
1575 1153 1733 1206 quarti,
1749 1153 1862 1207 regis

328 1219 509 1273 Angliae,
526 1218 716 1258 fundatae
738 1222 783 1258 et
805 1218 1034 1268 stabilitae,¹
1054 1218 1309 1271 praedictum
1330 1231 1527 1257 annuum
1548 1217 1766 1257 redditum
1788 1217 1863 1257 de-

329 1296 422 1322 cem
449 1296 689 1323 marcarum
711 1282 764 1322 ad
786 1282 989 1335 praedicta
1015 1282 1123 1322 festa
1144 1282 1421 1322 Pentecostes
1442 1284 1487 1321 et
1509 1281 1658 1321 Sancti
1679 1281 1861 1320 Martini

328 1348 373 1404 in
387 1347 602 1401 yeme,vel
617 1345 727 1386 infra
741 1360 878 1386 unum
893 1360 1086 1386 mensem
1096 1347 1339 1400 proximum
1353 1349 1450 1399 post
1463 1345 1686 1399 quodlibet
1700 1344 1861 1385 festum

328 1411 603 1451 Pentecostes
625 1414 669 1450 et
693 1410 837 1451 Sancti
868 1410 1063 1460 Martini,
1086 1410 1219 1463 aequis
1249 1409 1521 1463 porcionibus
1552 1410 1777 1449 annuatim
1809 1409 1862 1449 ad

329 1488 550 1514 summum
581 1474 714 1514 altare
746 1474 1000 1527 praedictum
1032 1474 1077 1513 in
1105 1474 1308 1527 praedicta
1340 1473 1518 1513 ecclesia
1548 1473 1773 1527 collegiata
1809 1473 1861 1513 de

329 1538 481 1591 Ripon’
509 1552 586 1591 per
613 1552 690 1578 nos
722 1538 914 1578 Priorem
943 1541 988 1577 et
1017 1536 1286 1578 Conventum
1323 1541 1368 1577 et
1402 1550 1662 1577 successores
1696 1540 1862 1577 nostros

328 1602 578 1643 solvendum
600 1603 934 1656 imperpetuum,
951 1601 1198 1642 habendum
1214 1604 1259 1641 et
1271 1601 1596 1655 percipiendum
1608 1600 1862 1654 praedictum

326 1680 520 1706 annuum
561 1666 780 1706 redditum
813 1666 961 1706 decem
994 1679 1233 1706 marcarum
1274 1665 1424 1719 legalis
1466 1668 1652 1704 monetae
1693 1665 1862 1719 Angliae

327 1731 466 1771 eidem
498 1730 672 1770 domino
704 1731 884 1770 Ricardo
915 1730 1068 1780 Lucas,
1090 1729 1323 1783 capellano,
1345 1732 1391 1769 et
1422 1728 1735 1769 successoribus
1759 1729 1862 1779 suis,

327 1794 380 1835 de
402 1794 523 1835 nobis
546 1797 589 1834 et
604 1794 919 1835 successoribus
934 1794 1090 1834 nostris
1104 1794 1149 1833 in
1163 1793 1300 1833 forma
1320 1794 1523 1847 praedicta
1543 1806 1794 1833 concessum
1815 1793 1860 1832 in

327 1858 507 1898 liberam
529 1862 573 1898 et
594 1872 747 1912 puram
779 1859 1055 1898 elemosinam
1086 1858 1422 1911 imperpetuum.
1484 1858 1542 1897 Et
1564 1857 1599 1897 si
1623 1857 1861 1910 contingat,

327 1923 440 1975 quod
462 1936 537 1962 nos
564 1923 669 1962 dicti
695 1923 814 1962 Prior
847 1926 890 1962 et
922 1921 1167 1963 Conventus
1197 1925 1273 1962 aut
1305 1935 1564 1961 successores
1585 1921 1721 1961 nostri
1742 1920 1861 1960 defe-

328 1987 526 2037 cerimus,
562 1991 636 2027 aut
670 1987 825 2040 aliquis
860 1990 1057 2026 nostrum
1090 1986 1298 2026 defecerit
1331 1987 1377 2025 in
1411 1985 1625 2025 solucione
1669 1984 1861 2038 praedicti

328 2051 462 2090 annui
483 2051 675 2091 redditus
697 2052 845 2091 decem
877 2064 1128 2100 marcarum,
1152 2050 1219 2090 vel
1249 2049 1431 2103 alicujus
1453 2049 1646 2103 parcellae
1666 2048 1860 2102 ejusdem

329 2115 381 2154 ad
419 2115 527 2155 festa
559 2115 763 2169 praedicta
799 2119 843 2154 et
876 2128 951 2167 per
984 2115 1175 2168 quinque
1218 2114 1477 2167 septimanas
1518 2113 1730 2166 proximas
1764 2115 1861 2165 post

330 2179 491 2233 aliquid
532 2179 693 2219 festum
729 2179 1104 2232 praenominatum,
1136 2181 1294 2218 extunc
1326 2177 1475 2217 liceret
1505 2176 1722 2230 capellano
1753 2189 1860 2229 prae-

329 2244 551 2284 nominat-o
592 2243 792 2283 cantariae
835 2242 1061 2297 praedictae,
1095 2245 1140 2282 et
1182 2241 1490 2281 successoribus
1533 2241 1620 2280 suis
1661 2244 1735 2280 aut
1773 2240 1860 2279 suis

329 2308 570 2357 attornatis‚
591 2307 833 2360 assignatis,
856 2310 900 2346 et
931 2306 1154 2356 ministris,
1177 2306 1223 2344 in
1253 2305 1504 2358 praedictum
1537 2304 1776 2343 manerium
1807 2303 1860 2343 de

331 2370 546 2410 Ledeston
578 2372 622 2410 in
645 2370 981 2424 VVestryddying
1002 2370 1047 2409 in
1079 2369 1289 2409 comitatu
1312 2368 1437 2408 Ebor.
1460 2381 1559 2407 cum
1581 2367 1859 2420 pertinenciis

331 2433 505 2483 intrare,
538 2437 582 2473 et
622 2434 665 2472 in
708 2434 857 2473 eodem
897 2433 1169 2487 distringere,
1203 2435 1248 2473 et
1283 2431 1574 2472 districciones
1616 2432 1674 2471 sic
1714 2435 1859 2484 captas

330 2497 554 2547 abducere,
576 2497 780 2551 effugare,
804 2502 849 2537 et
869 2500 1098 2550 asportare,
1120 2500 1166 2537 et
1196 2509 1328 2550 penes
1351 2509 1394 2536 se
1416 2495 1616 2544 retinere,
1637 2507 1858 2548 quousque

330 2560 410 2600 sibi
443 2561 495 2601 de
528 2559 795 2615 ar(er)ragiis
828 2561 1020 2614 praedicti
1051 2561 1184 2601 annui
1216 2559 1410 2600 redditus
1442 2559 1590 2599 decem
1622 2571 1859 2598 marcarum

402 2689 458 2732 (1)
487 2688 566 2722 Rex
593 2687 756 2722 omnibus
783 2715 790 2723 .
827 2714 835 2722 .
870 2714 878 2722 .
913 2687 986 2723 Nos
1021 2715 1028 2724 .
1065 2715 1073 2723 .
1108 2715 1116 2724 .
1151 2688 1308 2723 Johanni
1335 2687 1486 2722 Sendale
1517 2713 1524 2722 .
1551 2712 1561 2721 .
1587 2712 1595 2721 .
1621 2686 1789 2721 canonico
1815 2687 1858 2722 de

330 2740 469 2786 Rypon'
496 2769 502 2775 .
540 2768 546 2775 .
584 2768 590 2775 .
626 2740 672 2774 ob
704 2741 892 2786 specialem
928 2741 1154 2775 devocionem
1189 2752 1295 2787 quam
1328 2740 1424 2774 idem
1458 2739 1641 2773 Johannes
1675 2738 1781 2772 habet
1813 2739 1858 2772 ad

329 2792 480 2826 Sanctos
513 2793 660 2826 Petrum
685 2798 721 2826 et
747 2792 898 2826 Paulum
925 2803 965 2826 ac
991 2792 1165 2826 Sanctum
1185 2792 1408 2834 Wilfridum,
1428 2802 1532 2825 unam
1551 2790 1749 2824 cantariam
1777 2817 1784 2825 .
1813 2817 1819 2825 .
1849 2817 1855 2824 .

329 2843 476 2878 fundare
503 2871 509 2878 .
537 2872 543 2879 .
573 2871 579 2878 .
606 2850 744 2879 statuto
772 2845 814 2879 de
840 2845 943 2878 terris
968 2845 1011 2878 ad
1040 2856 1183 2878 manum
1211 2850 1384 2878 mortuam
1409 2843 1577 2889 ponendis
1596 2854 1663 2877 non
1682 2843 1857 2885 obstante,

329 2922 334 2928 .
364 2923 370 2929 .
400 2923 405 2929 .
434 2896 536 2931 'reste
557 2897 652 2941 Rege
671 2895 1155 2943 apud-We-tmonasterium,
1174 2898 1219 2930 25
1237 2896 1445 2931 oen—Pat.
1465 2895 1486 2929 6
1506 2895 1571 2930 Ed.
1591 2896 1624 2938 4,
1644 2908 1674 2942 p.
1697 2896 1728 2939 1,
1746 2907 1790 2930 m.
1811 2899 1842 2930 3.
