1935 3151
544 157 768 190 ORIGINAL
805 158 1094 192 DOCUMENTs.

56 268 213 309 boravi.
278 267 374 308 Hiis
398 268 597 319 testibus,
620 270 794 309 &Varino
816 274 920 310 tunc
945 271 1099 311 ballivo
1131 271 1184 311 (le
1213 272 1380 325 Ripon’,
1405 274 1585 314 osberto

57 334 109 372 de
135 332 416 382 Rouhecliue‚
449 332 645 373 ,Iohanne
677 334 731 374 de
763 334 901 384 Ebor’,
943 334 1118 375 Nicolao
1160 335 1364 386 Casteloc,
1399 337 1583 390 Symone

50 395 180 436 fratre
215 396 323 449 ejus,
358 396 551 436 Gralfrido
588 397 640 437 de
676 397 870 451 Gilling',
903 397 1101 438 Gilberto
1135 400 1341 451 Burman,
1367 401 1586 441 Willelmo

52 458 307 510 Mercatore,
330 460 356 499 J
360 458 527 499 ohanne
551 460 651 510 Roc,
674 461 803 500 Petro
823 461 912 499 filio
934 461 1133 512 Galsridi,
1158 466 1199 502 et
1225 463 1334 503 aliis.

141 522 248 563 Οὐαί
279 522 369 562 seat
400 523 450 576 of
480 537 611 575 {sreen
642 537 742 563 wrm:
778 522 978 564 attached
1011 524 1062 578 by
1095 539 1123 566 (ι
1155 525 1264 566 zabel
1294 526 1528 581 retainins]
1557 542 1585 568 (ι

51 586 167 642 strip
190 587 240 641 of
257 586 519 642 parchment
534 587 585 641 by
599 587 739 629 which
756 602 874 629 some
890 588 1010 629 other
1023 590 1259 632 document
1276 590 1354 632 hcc-s
1366 592 1584 647 probably

51 650 152 692 been
172 650 383 692 attached.
444 651 488 691 It
508 665 642 692 seems
665 656 706 692 to
728 657 950 707 represent
974 652 1087 694 three
1102 654 1241 695 whcat
1259 669 1354 695 ears
1376 655 1585 711 cli-sposed

50 714 105 756 ’ἐπ
146 713 212 756 the
252 714 432 769 yeuerctl
463 715 592 770 form
635 716 686 770 of
718 730 745 757 a
772 715 1250 771 flem·-<le-lys.—Insc.
1293 731 1344 761 sl.
1387 732 1584 762 WALTERI

54 790 120 819 FIL
124 809 312 820 .....

139 842 644 898 Endorse<Z.-—Skelgat.

50 1000 158 1035 ch.
184 1000 359 1035 GRc-xm*
384 1000 446 1036 OF
472 1000 678 1046 nousns
705 977 894 1047 ETo.,1N
920 1003 1072 1039 RIPON
1101 1003 1206 1039 ΛΝΒ
1233 1005 1582 1044 MARKINGTON.

588 1082 731 1139 (eron
751 1082 933 1118 OHAPTER
950 1084 1047 1128 MS.)

140 1164 287 1205 Sciant
310 1178 458 1205 omnes
480 1168 713 1218 praesentes
731 1168 776 1205 et
797 1165 951 1216 futuri,
974 1167 1088 1220 quod
1111 1181 1191 1221 ego
1211 1168 1252 1207 N
1255 1167 1447 1209 icholaus
1469 1170 1583 1211 filius

49 1228 257 1268 Willelmi
288 1229 340 1268 de
372 1227 660 1280 Thornetona,
693 1229 806 1279 dedi,
838 1231 1042 1281 concessi,
1066 1235 1110 1270 et
1143 1230 1221 1271 hac
1243 1234 1445 1285 praesenti
1467 1239 1585 1274 carta

50 1305 144 1332 mea
165 1292 410 1332 confirmavi
432 1292 650 1332 willelmo
671 1293 847 1332 tinctori
869 1294 922 1333 de
944 1294 1137 1347 Rypona,
1159 1308 1295 1334 unum
1313 1298 1584 1351 mesuagium

50 1355 95 1394 in
119 1355 297 1409 Rypona
328 1369 426 1395 cum
457 1356 663 1405 aedificiis,
695 1356 809 1408 quod
834 1356 954 1409 jacet
984 1358 1099 1397 inter
1119 1360 1391 1412 mesuagium
1413 1360 1584 1401 Ricardi

51 1419 104 1458 de
134 1419 503 1472 Garmundewaye
537 1423 581 1459 et
612 1420 886 1474 mesuagium
917 1420 1116 1474 Hugonis
1149 1422 1366 1472 Bernard3
1407 1425 1465 1464 Et
1498 1425 1584 1465 duo

51 1483 270 1536 mesuagia
306 1496 405 1522 cum
441 1482 634 1522 aedificiis
665 1482 862 1536 jacencia
897 1483 1078 1524 insimul
1102 1485 1156 1525 ad
1183 1486 1349 1526 exitum
1385 1488 1497 1529 villae
1530 1490 1583 1529 de

50 1545 357 1600 Markingtona
378 1560 525 1586 versus
557 1547 798 1595 orientem3
830 1547 888 1587 Et
915 1548 1072 1602 viginti
1105 1552 1289 1602 quatuor
1320 1565 1436 1591 acras
1457 1555 1583 1593 terrae

50 1623 149 1649 cum
170 1611 447 1663 pertinenciis
469 1611 515 1649 in
536 1611 752 1650 territorio
783 1611 835 1651 cle
863 1611 1185 1665 Markingtona,
1208 1627 1390 1666 quarum
1416 1618 1582 1667 septem

50 1686 156 1713 acrae
201 1673 396 1727 jacentes
437 1674 614 1713 insimul
656 1677 861 1714 vocantur
900 1675 1117 1726 VVestflat,
1160 1680 1205 1716 et
1246 1682 1433 1730 quatuor
1477 1692 1583 1718 acrae

45 1735 240 1790 jacentes
271 1737 448 1776 insimul
471 1741 673 1776 vocantur
696 1736 962 1790 Barnehaye,
987 1741 1030 1778 et
1063 1742 1246 1792 quatuor
1268 1755 1374 1781 acrae
1389 1741 1585 1795 jacentes

51 1801 229 1840 insimul
266 1802 310 1840 in
345 1800 514 1840 cultura
550 1815 644 1853 quae
678 1805 855 1840 vocatur
889 1802 1001 1855 Ryg,
1039 1806 1082 1842 et
1116 1804 1357 1844 extendunt
1388 1819 1430 1845 se
1457 1819 1585 1858 super

52 1868 224 1917 pratum
245 1865 298 1905 de
320 1864 627 1918 Markingtona
657 1865 701 1903 in
734 1868 855 1917 parte
888 1865 1080 1915 australi,
1110 1869 1153 1906 et
1183 1870 1271 1906 tres
1302 1881 1407 1908 acrae
1433 1868 1584 1922 jacent

51 1929 229 1969 insimul
262 1930 307 1968 in
343 1930 492 1969 eadem
528 1929 697 1968 cultura
731 1930 783 1969 de
818 1929 928 1983 Ryg,
956 1933 999 1969 et
1027 1943 1071 1970 se
1105 1932 1348 1971 extendunt
1383 1933 1584 1973 similiter

53 2005 181 2045 super
222 1995 393 2046 pratum
435 1992 689 2045 praedictum
732 2006 879 2031 versus
920 1996 1132 2042 austrum,
1174 1998 1219 2034 et
1252 1996 1443 2048 quinque
1476 2010 1583 2036 acrae

48 2054 198 2108 jacent
233 2056 413 2095 insimul
443 2057 488 2095 in
521 2054 921 2110 Surhenderidding
951 2057 997 2095 in
1038 2061 1160 2109 parte
1193 2059 1428 2111 aquilonari
1460 2063 1584 2100 terrae

52 2119 358 2160 monachorum
395 2121 448 2160 de
481 2121 708 2172 Fontibus,
747 2124 790 2160 et
824 2121 1065 2160 extendunt
1099 2135 1142 2161 se
1184 2136 1331 2163 versus
1372 2124 1583 2165 orientem

55 2197 181 2237 super
202 2184 334 2224 altam
367 2185 493 2234 viam,
516 2187 561 2224 et
592 2198 737 2224 versus
768 2185 1036 2225 occidentem
1059 2199 1185 2239 super
1207 2186 1246 2226 le
1274 2187 1506 2242 Stubbing,
1539 2192 1584 2228 et

51 2259 137 2287 una
169 2261 264 2287 acra
294 2251 417 2287 terrae
449 2261 543 2300 quae
575 2261 619 2288 se
651 2248 846 2288 extendit
878 2261 1005 2301 super
1027 2248 1262 2299 Grishowe,
1283 2264 1430 2291 versus
1461 2253 1584 2305 aqui-

51 2309 208 2351 lonem.
268 2311 325 2350 Et
365 2314 509 2351 totum
550 2314 722 2364 pratum
763 2312 808 2350 in
849 2312 983 2364 pratis
1025 2311 1078 2351 de
1120 2312 1427 2366 Markingtona
1468 2316 1580 2368 quod

51 2374 242 2426 pertinet
291 2374 344 2414 ad
386 2375 491 2414 duas
533 2374 708 2414 bovatas
749 2378 874 2414 terrae
916 2387 1021 2427 quas
1063 2374 1283 2416 Galfridus
1325 2380 1581 2419 carectarius

51 2437 268 2490 quondam
287 2439 447 2478 tenuit.
508 2439 565 2478 Et
586 2442 728 2478 totum
751 2442 922 2491 pratum
953 2439 999 2477 in
1022 2438 1183 2478 eisdem
1215 2441 1348 2492 pratis
1369 2446 1581 2494 quantum

50 2501 241 2553 pertinet
261 2501 314 2541 ad
336 2515 468 2541 unam
490 2501 688 2541 bovatam
711 2505 835 2541 terrae
861 2501 1010 2554 jacens
1034 2516 1085 2541 ex
1106 2503 1303 2543 orientali
1325 2510 1446 2557 parte
1467 2507 1582 2559 prati

52 2563 260 2604 Johannis
302 2564 381 2604 filii
423 2565 581 2618 Rogeri
625 2565 677 2604 de
718 2563 1082 2618 XVallerthwayte-
1143 2567 1200 2605 Et
1241 2581 1378 2607 unum
1420 2569 1580 2609 toftum

52 2640 150 2667 cum
171 2628 349 2667 dimidia
380 2641 475 2667 acra
495 2632 619 2667 terrae
640 2628 685 2667 in
708 2627 1014 2681 Markingtona
1042 2629 1155 2681 quod
1178 2629 1305 2670 Gibel
1327 2634 1462 2672 tenet.
1525 2634 1582 2673 Et

53 2703 190 2729 unum
210 2691 371 2730 toftum
393 2705 491 2730 cum
513 2691 647 2730 crofto
668 2691 712 2729 in
735 2691 885 2730 eodem
907 2692 1019 2743 quod
1034 2691 1278 2744 Stephanus
1296 2693 1424 2733 Sutor
1445 2698 1581 2736 tenet.

53 2753 112 2792 Et
132 2766 269 2792 unum
288 2753 450 2793 toftum
472 2767 570 2793 cum
591 2767 677 2793 una
698 2767 793 2793 acra
813 2756 938 2793 terrae
959 2754 1004 2793 in
1028 2754 1177 2794 eadem
1199 2756 1312 2807 quod
1335 2757 1580 2799 Bernardus

57 2815 182 2856 Crine
208 2820 345 2856 tenet.
406 2817 464 2856 Et
494 2830 631 2857 unum
661 2816 822 2856 toftum
852 2817 898 2856 in
930 2817 1079 2857 eadem
1110 2818 1224 2870 quod
1245 2817 1462 2859 Mathaeus
1484 2820 1582 2861 Car-

56 2879 275 2933 pentarius
295 2882 429 2920 tenet,
490 2880 548 2920 Et·
578 2893 714 2920 unum
745 2879 905 2919 toftum
937 2893 1034 2920 cum
1066 2880 1200 2920 crofto
1230 2881 1277 2920 in
1299 2881 1448 2932 eadem
1469 2885 1583 2938 quod

1723 152 1815 197 269

1621 282 1802 312 Witnesscs.

1618 1182 1687 1212 Nic.
1703 1183 1741 1212 dc

1617 1222 1778 1251 Thornton

1618 1264 1650 1290 to
1665 1261 1764 1297 Win„

1618 1301 1671 1329 tho
1685 1301 1771 1339 dyer.

1618 1560 1726 1590 Lands
1741 1562 1773 1590 in

1618 1600 1785 1638 Marking-

1617 1642 1681 1668 tou.

1616 2328 1788 2359 Meadows.

1615 2580 1678 2610 Tof
1677 2584 1715 2611 ts.
