1935 3151
574 144 844 178 SANCTUARY
883 143 1104 177 RECORDS.

68 257 268 298 interfuit
299 270 397 298 cum
420 256 536 298 dicto
558 258 738 298 Ricardo
760 258 882 298 More
904 259 949 297 et
969 270 1160 297 accessor
1182 257 1221 296 ei
1243 259 1336 297 erat
1357 256 1461 296 dum
1493 255 1601 296 illud

66 320 230 361 facinus
283 325 579 376 perpetratum
620 322 775 362 fuerat.
856 322 962 362 Ideo
1011 322 1141 361 timet
1175 335 1250 374 pro
1292 334 1343 361 eo
1384 320 1601 370 indictari‚

65 387 260 439 quamvis
292 401 379 427 non
410 387 579 437 merito,
601 400 679 427 nec
707 401 805 427 reus
838 387 1037 436 accionis,
1058 390 1111 426 ut
1141 387 1341 426 asseruit.
1403 384 1487 425 Pro
1518 398 1602 437 qua

65 450 241 502 quidem
263 451 423 490 felonia
443 450 646 504 praefatus
670 451 875 490 Ricardus
906 449 1170 501 Goldthwet,
1192 453 1243 489 ut
1274 463 1463 490 accessor
1494 449 1600 488 dicti

64 513 235 555 Ricardi
267 515 404 565 More,
442 529 587 555 secum
621 515 783 555 ibidem
817 516 1021 566 existens,
1052 515 1166 568 cepit
1196 514 1523 554 immunitatem
1554 515 1601 553 et

63 577 311 619 libertatem
345 578 490 619 Sancti
529 578 758 620 Cuthberti
795 583 840 619 et
877 579 1066 619 ecclesiae
1097 578 1353 619 cathedralis
1384 578 1599 632 praedictae

62 655 162 682 cum
207 643 420 683 instancia
464 642 625 684 debita.
686 643 979 684 Praesentibus
1030 647 1136 684 tunc
1186 643 1365 695 ibidem,
1416 642 1599 682 Ricardo

62 705 265 758 Kendall,
287 707 474 761 Hugone
495 707 622 758 wall,
645 710 690 747 et
720 707 829 748 aliis.

197 801 381 847 (Pinvmt
406 802 645 847 Rmmmum,
661 803 709 838 fo.
728 803 807 838 143.
858 802 990 838 SAxcr.
1012 803 1190 838 Dunnmr.
1208 814 1266 850 pp,
1285 803 1343 846 39,
1361 803 1461 847 219.)

149 872 364 914 Robertus
408 873 536 914 Skafe
576 873 787 928 parochiae
829 874 882 914 de
924 875 1065 929 Ripon
1106 876 1228 914 venit
1269 875 1323 914 ad
1359 874 1596 914 Ecclesiam

61 941 361 983 Cathedralem
412 943 617 984 Dunelm.
669 945 821 998 quinto
872 944 942 984 die
994 945 1155 984 mensis
1202 943 1440 994 Februarii,
1472 944 1597 983 Anno

57 1006 231 1047 Domini
265 1007 499 1048 Millesimo
539 1008 887 1063 quingentesimo
920 1009 1068 1059 tercio,
1103 1012 1148 1049 et
1181 1009 1313 1062 peciit
1348 1022 1373 1048 a
1410 1008 1596 1061 dompno

59 1070 245 1126 Georgio
260 1070 528 1123 Corneforth,
547 1073 722 1112 sacrista
737 1073 863 1113 dictae
885 1072 1085 1113 Ecclesiae
1108 1071 1373 1113 Cathedralis
1390 1071 1595 1112 Dunelm.

58 1133 305 1176 libertatem
349 1139 394 1176 et
435 1136 763 1176 immunitatem
815 1136 964 1177 Sancti
1017 1135 1246 1177 Cuthberti
1298 1139 1343 1176 et
1394 1136 1596 1176 Ecclesiae

59 1198 324 1240 Cathedralis
366 1200 568 1241 Dunelm.
610 1201 853 1251 antedictae,
885 1215 962 1254 pro
1002 1214 1052 1241 eo
1089 1204 1134 1241 et
1176 1215 1227 1241 ex
1269 1213 1318 1240 eo
1350 1201 1463 1254 quod
1505 1200 1596 1253 ipse

57 1263 273 1304 Robertus
305 1264 432 1305 Skafe
464 1279 562 1305 cum
584 1264 811 1319 Radulpho
839 1265 1027 1306 Blesdell
1058 1279 1272 1305 accessore
1307 1279 1398 1315 suo,
1420 1269 1494 1304 xv⁰
1525 1265 1595 1305 die

56 1330 216 1368 mensis
250 1327 445 1369 Janu'arii
481 1343 598 1382 prox.
633 1330 825 1383 praedict.
858 1331 905 1369 in
926 1329 1028 1370 villa
1056 1330 1109 1370 de
1142 1328 1309 1383 Rypon’
1329 1324 1386 1368 ¹in
1419 1328 1507 1368 alta
1528 1329 1596 1368 via

56 1393 176 1446 regia
206 1393 420 1433 insultum
452 1393 649 1434 fecerunt
680 1395 725 1433 in
768 1395 983 1447 quendam
1015 1394 1305 1448 Reginaldum
1343 1393 1595 1443 Middilton,

55 1456 130 1497 ubi
152 1458 292 1498 dictus
315 1458 528 1498 Robertus
551 1458 679 1499 Skafe
712 1459 878 1498 dict-um
899 1459 1189 1513 Reginaldum
1211 1457 1422 1513 (graviter
1438 1457 1472 1513 ¹)
1495 1472 1595 1498 cum

55 1521 197 1575 gladio
240 1535 366 1576 super
406 1523 560 1563 tibiam
610 1524 800 1577 graviter
840 1524 1065 1576 percussit,
1109 1537 1159 1563 ex
1196 1537 1279 1576 qua
1319 1523 1594 1576 percussione

55 1585 196 1626 dictus
232 1586 498 1641 Reginaldus
535 1587 657 1628 obiit.
718 1588 802 1627 Pro
836 1601 921 1641 qua
957 1588 1133 1641 quidem
1164 1587 1440 1641 percussione
1476 1587 1594 1626 idem

56 1650 271 1691 Robertus
295 1651 421 1692 Skafe
443 1652 760 1692 instantissime
782 1653 913 1706 peciit
930 1653 1257 1692 immunitatem
1280 1655 1325 1692 et
1346 1652 1594 1691 libertatem

57 1714 202 1756 Sancti
238 1715 467 1756 Cuthberti
496 1719 541 1755 et
566 1716 770 1756 Ecclesiae
800 1715 1067 1757 Cathedralis
1096 1717 1340 1756 antedictae.
1403 1716 1460 1755 Et
1493 1716 1594 1770 quia

54 1779 170 1819 idem
200 1778 468 1833 Radulphus,
490 1780 665 1830 timens,
695 1784 745 1820 ut
777 1782 975 1831 asseruit,
1002 1781 1201 1820 indictari
1229 1783 1274 1820 et
1304 1781 1349 1819 in
1380 1794 1593 1820 carcerem

54 1844 181 1895 tradi,
202 1858 278 1898 pro
300 1847 344 1883 et
366 1858 418 1884 ex
440 1858 489 1884 eo
520 1844 633 1897 quod
664 1858 852 1898 praesens
879 1844 966 1884 fuit.
997 1845 1169 1898 quando
1200 1845 1341 1884 dictus
1374 1844 1591 1884 Robertus

55 1906 183 1947 Skafe
224 1908 388 1948 dictum
429 1908 717 1962 Reginaldum
760 1908 943 1949 felonice
985 1909 1199 1962 percussit
1241 1910 1285 1948 et
1336 1908 1592 1958 vulneravit,

53 1972 200 2025 peciit,
232 1974 283 2012 ut
312 1985 452 2025 supra,
478 1972 803 2012 immunitatem
837 1976 882 2012 et
913 1972 1160 2012 libertatem
1189 1972 1427 2025 praedictas.
1489 1973 1592 2012 Tes-

51 2036 170 2076 tibus
201 2036 386 2089 dompno
416 2034 624 2077 Nicholao
651 2037 770 2077 Todd
790 2036 1024 2091 capellano,
1045 2036 1262 2076 Willelmo
1294 2035 1429 2086 Todd,
1460 2036 1593 2076 Petro

53 2099 214 2154 Steley,
235 2104 318 2140 etc.

180 2196 367 2242 (Pavum
392 2196 632 2240 Rmmmm,
650 2196 696 2231 fo.
718 2197 821 2232 143v.
872 2196 1006 2232 SAxcr.
1026 2197 1203 2232 Dux-Emit.
1221 2208 1279 2243 pp.
1299 2196 1357 2239 39,
1375 2195 1474 2239 219.)

140 2267 354 2308 Robertus
385 2268 637 2320 Middilton,
659 2269 905 2309 VVillelmus
938 2269 1141 2319 Jakeson,
1164 2272 1209 2309 et
1241 2267 1459 2309 Johannes
1491 2268 1590 2321 Joy,

51 2335 152 2371 xv¹¹¹⁰
183 2332 252 2372 die
284 2333 445 2372 mensis
477 2332 715 2384 Februarii,
747 2334 872 2372 Anno
904 2333 1078 2373 Domini
1111 2333 1345 2373 Millesimo
1377 2332 1590 2386 quingen-

50 2396 207 2436 tesimo
248 2396 395 2447 tercio,
436 2401 649 2436 venerunt
689 2397 742 2436 ad
784 2397 1021 2437 Ecclesiam
1055 2395 1353 2438 Cathedralem
1386 2396 1588 2436 Dunelm.

50 2460 276 2512 pecierunt
298 2463 343 2500 et
365 2474 513 2500 eorum
535 2461 717 2514 quilibet
741 2462 875 2514 peciit
905 2462 1231 2501 immunitatem
1263 2465 1308 2500 et
1340 2460 1587 2500 libertatem

53 2523 200 2564 Sancti
235 2523 463 2565 Cuthberti
496 2528 542 2564 et
578 2525 780 2565 Ecclesiae
813 2524 1078 2566 Cathedralis
1110 2525 1313 2566 Dunelm.
1345 2538 1369 2564 a
1401 2525 1588 2577 dompno

53 2587 239 2642 Georgio
261 2587 526 2638 Corneforth,
550 2589 725 2628 sacrista
745 2589 945 2629 Ecclesiae
969 2589 1232 2631 Cathedralis
1254 2588 1497 2637 antedictae,
1513 2602 1588 2641 pro

50 2655 95 2691 et
117 2666 167 2692 ex
189 2665 238 2692 eo
259 2652 373 2706 quod
395 2653 475 2706 ipsi
500 2652 743 2706 complices,
772 2666 1020 2704 accessores,
1054 2657 1099 2694 et
1130 2656 1363 2707 praesentes
1393 2651 1587 2702 fuerunt,

49 2716 218 2768 quando
247 2716 421 2769 quidam
446 2716 658 2757 Robertus
692 2715 819 2757 Skafe
853 2731 950 2757 cum
982 2716 1208 2771 Radulpho
1231 2715 1425 2756 Blesett²
1446 2729 1587 2755 acces-

120 2796 176 2841 (l)
204 2796 351 2832 Erased.

72 2899 102 2933 ss*
120 2849 177 2905 (2)
203 2848 330 2884 Called
362 2849 563 2885 ‘Blesdcll'
593 2850 629 2885 in
658 2851 718 2885 the
749 2850 880 2886 former
910 2858 1024 2899 entry,
1043 2851 1160 2887 which
1184 2851 1311 2886 relatos
1336 2853 1373 2884 to
1400 2849 1461 2884 the
1490 2861 1585 2884 samo

49 2911 69 2934 a
99 2912 162 2935 air.

1632 894 1700 916 Λα).
1719 888 1805 918 1503.

1633 943 1753 973 Peticio
1769 944 1834 973 Im-

1631 984 1790 1012 munitatis

1653 1021 1783 1052 Roberti

1655 1061 1673 1090 k
1680 1061 1758 1101 ase}

1623 2286 1693 2309 ΛΔ).
1711 2280 1797 2310 1503.

1624 2334 1743 2364 Felicio
1761 2336 1826 2366 Im-

1624 2375 1782 2405 munitatis

1624 2412 1751 2443 Roberti

1623 2452 1796 2484 Middilton

1624 2490 1672 2530 [et
1687 2492 1743 2521 ali-

1621 2530 1741 2571 orum}
