1915 3068
99 148 159 193 64
811 157 1085 191 MEMORIALS
1121 158 1179 192 or
1215 159 1372 192 RII‘ON.

329 274 477 311 centes
521 272 828 320 moriebantur,
869 283 955 309 non
995 270 1266 310 invenientes
1308 270 1623 311 Samaritanum
1665 273 1740 325 qui
1788 286 1860 313 eos

331 335 562 375 stabulario
602 335 896 375 committeret
936 333 1215 374 reficiendos¹
1255 334 1324 373 vel
1354 334 1532 373 vulnera
1573 334 1721 375 liniret
1763 336 1856 376 oleo

95 411 188 440 Alms
203 410 296 439 with·
330 399 662 439 consolationis.2
723 398 971 438 Elemosina
997 397 1187 450 quidem,
1209 411 1303 451 quae
1330 398 1462 437 etiarn
1493 397 1667 438 divitias
1697 412 1856 453 augere

95 450 296 527 ffelffl'ffifhe
331 462 454 513 solet,
477 463 639 516 ubique
660 463 830 502 deserta
849 461 1085 514 languebat
1101 475 1112 509 3
1144 461 1250 501 dum
1280 461 1452 511 divites,
1474 462 1548 514 qui
1579 462 1625 500 in
1656 463 1857 502 omnibus

327 525 451 566 bonis
476 526 753 565 abundabant
783 524 1109 578 temporalibus,
1140 528 1263 564 tanta
1292 525 1486 564 eaeeitate
1516 526 1707 577 percussi
1739 530 1855 575 sunt,

328 590 442 642 quod
463 589 661 629 homines
685 588 950 630 Christianos
974 588 1027 628 ad
1049 589 1283 642 imaginem
1314 588 1396 628 Dei
1427 592 1592 627 creatos
1614 589 1721 628 mori
1741 603 1828 642 prae
1843 590 1859 613 ³

327 653 633 693 alimentorum
664 653 809 706 inopia
839 652 1181 705 permittebant.⁴
1244 651 1352 692 Caeci
1373 652 1548 705 quidem
1569 652 1760 703 fuerunt,
1782 653 1857 706 qui

328 731 415 756 non
456 731 508 757 ex
539 718 649 757 dono
680 718 776 767 Dei,
819 717 893 756 sed
923 717 1092 769 propria
1122 717 1351 767 industria,
1386 717 1553 770 jactant
1598 730 1643 756 se
1685 717 1856 757 divitias

96 800 173 820 even
187 791 231 829 by
327 782 578 834 adquisisse.
639 782 697 820 Et
729 783 763 821 si
793 779 873 820 hoc
904 794 1074 834 quoque
1105 784 1232 834 turpe
1254 780 1340 820 fuit
1370 781 1569 820 omnibus
1599 781 1858 834 generaliter

114 830 237 898 {ffitgff’
253 840 286 860 ²¹⁸
329 844 596 895 Christianis,
617 846 920 898 turpissimum
939 848 1087 884 tamen
1109 845 1257 885 extitit
1285 845 1492 897 episcopis
1515 848 1559 884 et
1581 845 1857 884 ecclesiarum

96 908 194 946 Gray.
328 910 528 962 praelatis.
560 910 685 950 Unde
700 910 814 949 inter
827 909 986 962 primos
1000 922 1052 948 ex
1067 909 1174 948 vitio
1189 909 1377 948 avaritiae
1390 907 1601 947 notabiles
1616 908 1858 948 Walterum

328 973 638 1012 Eboracensem
660 971 1038 1025 Archiepiscopum
1069 986 1179 1025 pono
1201 973 1364 1012 caeteris
1393 973 1439 1011 in
1471 972 1728 1025 exemplum.
1790 973 1857 1012 Ad

328 1051 458 1090 quem
479 1050 578 1076 cum
600 1037 819 1076 venissent
839 1036 1124 1089 plurimorum
1145 1037 1436 1075 maneriorum
1458 1036 1675 1088 praepositi
1696 1037 1856 1089 pariter

329 1105 373 1141 et
394 1101 596 1150 ministri,
619 1101 898 1140 ostendentes
915 1100 1028 1153 quod
1050 1100 1096 1139 in
1117 1099 1221 1139 locis
1242 1100 1421 1139 diversis
1443 1099 1634 1138 multum
1656 1099 1858 1140 habuerit

96 1178 179 1222 Con-13
194 1177 270 1214 kept
327 1165 515 1214 bladum,
547 1164 861 1217 quinquennali
885 1163 978 1216 jam
1009 1167 1203 1216 tempore
1234 1164 1539 1213 inveteratum,
1570 1163 1684 1215 quod
1725 1165 1855 1204 nimis

95 1216 216 1284 {osmuge
327 1227 543 1268 habebant
581 1232 830 1281 suspectum
866 1232 918 1267 ut
949 1227 1017 1267 vel
1058 1240 1083 1266 a
1123 1227 1347 1267 muribus⁵
1389 1231 1502 1267 esset
1542 1241 1757 1267 corrosum
1788 1229 1858 1268 vel

94 1286 103 1293 ’
325 1292 599 1345 corruptione
640 1292 783 1344 aliqua
814 1290 1119 1344 putrefactum.
1181 1289 1538 1343 Archiepisoopus
1578 1295 1739 1341 autem,
1770 1306 1856 1332 non

326 1355 488 1395 habens
529 1356 576 1394 in
606 1359 730 1395 tanta
759 1355 1014 1394 necessitate
1045 1368 1123 1394 nec
1154 1354 1207 1393 ad
1250 1354 1391 1393 Deum
1433 1368 1512 1393 nec
1553 1354 1606 1393 ad
1647 1368 1855 1408 pauperes

326 1424 585 1473 respectum,
614 1420 817 1473 praecepit
847 1419 1056 1458 ministris
1089 1419 1175 1458 suis
1206 1432 1253 1458 ao
1284 1419 1536 1471 praepositiS,
1559 1423 1609 1458 ut.
1634 1419 1855 1460 traderent

326 1483 595 1523 frumentum
617 1488 741 1523 vetus
763 1483 935 1523 rusticis
955 1483 1008 1522 de
1030 1482 1230 1521 maneriis
1246 1483 1348 1532 suis,
1362 1483 1436 1535 qui
1450 1496 1524 1535 pro
1538 1483 1674 1522 veteri
1695 1496 1855 1523 novum

95 1557 233 1586 sheaves
327 1547 407 1586 sibi
427 1547 659 1586 redderent
680 1550 775 1599 post
795 1550 1100 1600 autumpnum.
1146 1545 1340 1599 Contigit
1362 1559 1462 1600 ergo
1483 1560 1581 1585 cum
1602 1548 1854 1599 praepositus

94 1597 224 1664 suelrlnsssifn·
327 1610 520 1664 ejusdem
542 1609 846 1663 archiepiscopi
867 1611 913 1649 in
933 1609 1035 1649 villa
1057 1610 1110 1649 de
1132 1609 1277 1662 Ripun
1299 1609 1477 1649 bladum
1498 1610 1712 1660 circuiret,
1735 1615 1855 1650 extra

327 1673 475 1714 horrea
507 1675 698 1727 positum
729 1674 838 1713 illud
859 1674 1098 1722 trituraret,
1129 1677 1419 1725 apparuerunt
1449 1674 1609 1726 ubique
1638 1674 1684 1712 in
1712 1674 1853 1727 garbis

326 1739 466 1791 capita
496 1739 723 1788 vermium,
756 1738 1023 1791 serpentium
1055 1736 1231 1787 scilicet,
1262 1736 1546 1786 colubrorum,
1569 1742 1613 1777 et
1644 1737 1853 1777 bufonum

325 1802 612 1850 terribilium3
644 1802 760 1841 unde
797 1801 1003 1851 ministri,
1041 1801 1116 1854 qui
1150 1814 1250 1840 cum
1281 1801 1508 1853 praeposito
1539 1801 1592 1839 ad
1618 1799 1696 1840 hoc
1735 1815 1853 1854 spec-

324 1865 517 1905 taculum
568 1868 870 1915 convenerant,
912 1864 1142 1918 fugientes,
1183 1864 1429 1903 timuerunt
1469 1877 1522 1903 ne
1563 1877 1587 1903 a
1637 1865 1852 1905 vermibus

325 1929 596 1969 laederentur.
658 1928 852 1982 Cumque
866 1928 881 1952 ⁶
903 1928 1048 1967 omnia
1076 1926 1393 1980 archiepiscopo
1414 1926 1585 1966 fuerant
1601 1926 1616 1951 ⁷
1637 1928 1851 1978 intimata,

323 1993 445 2032 misit
467 1992 719 2032 senescallos
743 2006 855 2042 suos,
872 1992 1006 2031 nimio
1028 1991 1180 2031 rubore
1202 1990 1418 2041 confusus,
1434 1995 1485 2030 ut
1500 1992 1698 2031 viderent
1718 1992 1822 2045 quid
1836 1993 1852 2015 ⁸

323 2057 423 2096 inde
455 2056 694 2096 consultius
726 2056 836 2096 foret
867 2055 1126 2095 faciendum.
1189 2055 1246 2093 At
1273 2054 1352 2104 illi,
1375 2055 1598 2094 venientes
1620 2055 1673 2095 ad
1694 2055 1850 2107 10011111,

324 2133 409 2159 11011
441 2119 660 2160 obstanti⁹
682 2120 893 2159 vermium
925 2119 1224 2168 multitudine,
1247 2119 1377 2158 scalas
1397 2118 1721 2171 applicaverunt
1737 2119 1767 2143 ¹⁰
1797 2121 1849 2160 ad

324 2183 526 2232 bladum;
559 2187 601 2223 et
624 2183 807 2222 rusticos
830 2182 1037 2235 quosdam
1059 2182 1360 2235 compulerunt
1381 2186 1433 2221 ut
1448 2182 1473 2205 ¹¹
1498 2183 1780 2223 ascenderent
1804 2189 1850 2224 et

322 2247 630 2287 frumentum¹²
651 2247 919 2300 detegerent.
953 2246 1035 2294 Qui
1049 2260 1147 2286 cum
1161 2245 1214 2285 ad
1224 2246 1521 2284 summitatem
1538 2247 1848 2298 pervenissent,

90 2325 239 2354 nonime
323 2311 455 2350 exivit.
476 2311 528 2350 de
552 2310 676 2350 blado
697 2310 844 2350 fumus
865 2311 1123 2363 nigerrimus
1146 2314 1186 2349 et
1220 2309 1345 2348 foetor
1366 2309 1541 2362 quidam
1562 2309 1783 2349 infernalis
1805 2316 1848 2350 et

88 2365 277 2433 ffiflfflrfflld
321 2375 631 2422 intolerabilis3
663 2374 777 2414 unde
799 2388 897 2413 cum
914 2373 1190 2413 festinatione
1213 2373 1521 2412 descendentes
1544 2378 1589 2412 ut
1609 2374 1847 2425 periculum

89 2443 190 2471 voire·
323 2439 472 2478 mortis
508 2438 754 2488 evaderent,
796 2437 1016 2477 testificati
1060 2441 1162 2477 sunt
1200 2451 1243 2476 se
1285 2449 1505 2489 nunquam
1547 2441 1673 2476 antea
1714 2438 1846 2477 talem

323 2504 507 2542 sensisse
538 2501 746 2541 foetorem.
808 2502 968 2541 Vocem
1000 2502 1130 2541 etiam
1161 2501 1394 2558 audierunt
1427 2500 1508 2539 sibi
1540 2501 1770 2551 dicentem,
1792 2514 1845 2541 ne
1902 2550 1906 2554 ι

395 2585 450 2628 (1)
478 2585 690 2628 pascendos,
708 2596 729 2618 a
746 2584 822 2619 MS.

395 2639 406 2671 (
412 2638 450 2679 2)
478 2637 636 2671 Vulnera
654 2636 886 2670 mortalitatis
904 2640 1055 2680 curaret,
1075 2641 1149 2670 two
1167 2634 1273 2670 MSS.

394 2689 450 2732 (3)
478 2688 547 2731 Ex,
564 2693 637 2722 two
656 2688 759 2723 MSS.
1119 2688 1172 2731 (4)
1199 2687 1457 2730 Pax-miserunt,
1475 2691 1548 2722 two
1566 2687 1670 2722 MSS.

394 2742 450 2781 (5)
479 2740 672 2784 Soricibus,
690 2747 764 2774 two
783 2740 887 2775 MSS.
1116 2741 1172 2784 (6)
1201 2741 1236 2774 Α
1255 2740 1333 2774 MS.
1353 2739 1481 2780 inserts
1499 2740 1586 2774 haec.

391 2793 446 2835 (7)
470 2792 645 2835 Fuissent,
664 2804 684 2827 a
702 2792 778 2827 MS.
1109 2794 1165 2834 (8)
1193 2792 1289 2833 Quid
1305 2792 1417 2825 facere
1429 2803 1519 2837 opus
1531 2796 1636 2835 esset,
1650 2797 1724 2827 two
1737 2793 1841 2828 MSS.

393 2845 450 2885 (9)
477 2844 719 2885 Obstantitixn,
737 2858 756 2878 a
775 2844 852 2879 MS.
1093 2845 1173 2886 (10)
1202 2845 1468 2889 Apposuerunt,
1487 2854 1508 2876 a
1525 2843 1600 2877 MS.

370 2895 424 2937 (ll
441 2903 449 2930 )
479 2896 536 2939 Et,
554 2908 572 2930 a
592 2896 667 2930 MS.
1091 2897 1171 2936 (12)
1201 2898 1233 2929 A
1255 2896 1330 2929 MS.
1350 2896 1477 2929 inserts
1495 2901 1539 2929 et.
