1955 3068
585 145 812 177 ORIGINAL
850 144 1137 177 DOCUMEN'PS.

95 257 366 297 visitaverint
393 260 436 295 et
458 257 690 310 adjutrices
722 271 873 297 manus
896 257 1177 310 porrexerint,
1201 261 1245 295 ut
1273 255 1509 309 prchertur,
1531 268 1630 294 cen-

95 326 192 362 tum
209 321 300 361 dies
313 321 366 360 de
380 320 587 374 injunctis
609 323 669 362 eis
691 322 960 375 poenitenciis
981 320 1313 360 misericorditer
1334 319 1631 374 relax(a)1nns.

96 386 306 426 Volumus
327 389 473 425 autem
495 386 607 439 quod
632 387 665 425 si
687 386 789 426 alias
812 385 1089 426 visitantibus
1106 386 1242 439 ipsam
1259 384 1481 438 capellam,
1496 383 1561 422 vel
1579 383 1631 422 ad

97 450 191 504 ejus
212 449 418 489 fabricam
441 463 516 489 seu
547 449 794 504 hujusmodi
826 451 1196 490 conservacionem
1228 462 1381 488 manus
1414 449 1633 502 porrigen-

96 514 216 554 tibus
236 513 483 567 adjutrices,
505 514 570 554 vel
595 514 700 554 alias
729 515 836 554 inibi
860 515 950 567 pias
973 515 1226 554 elemosinas
1249 512 1537 568 erogantibus,
1559 517 1634 551 aut

96 578 200 618 alias
223 578 365 631 aliqua
385 578 468 617 alia
489 578 768 633 indulgencia
789 580 1110 632 imperpetuum
1130 578 1195 618 vel
1212 578 1263 617 ad
1279 581 1445 617 certum
1462 581 1634 629 tempus

97 643 290 682 nondum
312 642 505 695 elapsum
527 643 732 682 (lmatura
753 647 907 696 praeter
927 643 1045 682 illam
1067 656 1196 696 quam
1228 642 1330 681 alias
1356 641 1635 681 visitantibus

97 707 345 760 praedictam
388 707 595 760 capellam
628 708 755 747 certis
793 712 898 747 tunc
932 708 1141 760 expressis
1175 706 1340 755 diebus,
1378 709 1423 745 et
1456 706 1508 745 ad
1543 705 1636 759 ejus

97 771 468 811 conservacionem
508 765 659 811 manus
696 771 1016 825 porrigentibus
1058 771 1292 824 adjutrices
1333 771 1636 819 concessimus,

99 835 299 875 videlicet
331 836 464 874 trium
498 849 708 876 annorum
745 842 790 876 et
816 836 1000 875 totidem
1033 835 1418 889 quadragenarum,
1453 848 1526 887 per
1560 847 1637 873 nos

98 912 297 940 concessa
327 899 474 950 fuerit,
507 904 739 953 praesentes
762 900 920 940 litterae
957 900 1121 939 nullius
1153 900 1348 939 existunt
1379 898 1540 938 roboris
1571 898 1638 938 vel

99 964 325 1003 momenti.
388 963 486 1003 Dat.
525 964 670 1004 Romae
702 965 816 1017 apud
854 964 1062 1005 Sanctum
1095 963 1274 1003 Petrum
1309 962 1383 1016 viij
1421 963 1484 1002 Id.
1518 963 1639 1012 Maii,

100 1027 375 1081 pontificatus
397 1028 534 1067 nostri
555 1041 666 1068 anno
688 1028 869 1068 decimo.

796 1142 974 1186 (xxxi.)

192 1223 437 1263 Bonifacius
474 1224 724 1277 Episcopus,
767 1238 912 1264 servus
956 1237 1173 1263 servorum
1216 1224 1310 1274 Dei,
1353 1224 1512 1264 dilecto
1553 1223 1641 1264 filio

101 1289 352 1342 praecentori
371 1288 560 1328 ecclesiae
584 1289 709 1328 Ebor.
729 1288 911 1328 salutem
927 1291 971 1327 et
987 1288 1261 1341 apostolicam
1281 1288 1641 1329 benedictionem.

103 1352 412 1407 Significarunt
443 1353 565 1392 nobis
598 1353 743 1393 dilecti
766 1353 844 1392 filii
875 1353 1069 1392 canonici
1103 1355 1147 1392 et
1179 1352 1420 1406 capitulum
1453 1352 1642 1392 ecclesiae

103 1418 250 1457 Sancti
283 1417 402 1457 Petri
434 1418 487 1457 de
520 1418 675 1471 Ripon,
710 1418 989 1457 Eboracensis
1020 1418 1265 1466 dioececeos,
1295 1417 1408 1470 quod
1445 1418 1642 1457 nonnulli

102 1482 347 1534 iniquitatis
370 1481 449 1520 filii
471 1495 577 1535 quos
609 1496 779 1534 prorsus
812 1482 1028 1535 ignorant,
1050 1481 1253 1531 decimas,
1274 1482 1505 1534 primicias,
1528 1482 1644 1521 obla-

103 1546 261 1595 cioneS‚
294 1547 514 1596 reddetus,
544 1550 694 1597 terras,
727 1547 888 1597 domos,
921 1547 1081 1596 vineas,
1103 1549 1240 1599 prata,
1262 1559 1432 1599 pascua,
1454 1560 1644 1596 nemora,

103 1610 364 1661 molendina,
387 1611 677 1650 instrumenta
699 1611 885 1664 publica,
907 1610 1076 1650 litteras
1097 1610 1378 1659 auctenticas,
1397 1614 1647 1650 ornamenta

104 1673 403 1724 ecclesiastica,
425 1688 524 1714 vasa
546 1678 739 1728 stagnea,
762 1688 894 1725 aenea,
916 1687 1056 1723 aurea,
1081 1677 1126 1713 et
1147 1677 1365 1727 argentea,
1382 1673 1497 1727 jura,
1514 1673 1648 1727 juris—

104 1737 333 1787 dicciones,
352 1742 393 1777 et
410 1739 605 1791 quaedam
619 1738 703 1778 alia
717 1738 826 1778 bona
839 1738 892 1778 ad
906 1738 1066 1778 dictam
1083 1737 1305 1777 ecclesiam
1321 1738 1563 1790 spectancia
1582 1742 1647 1778 te-

104 1815 220 1841 mere
236 1805 281 1841 et
294 1801 511 1842 maliciose
525 1802 737 1842 occultare
751 1800 831 1858 (et)
846 1803 1039 1842 detinere
1054 1806 1336 1855 praesumunt,
1350 1815 1434 1841 non
1449 1806 1646 1842 curantes

105 1879 155 1905 ea
177 1865 365 1918 praefatis
387 1867 602 1906 canonicis
625 1872 665 1906 et
686 1866 876 1920 capitulo
899 1864 1114 1915 exhibere,
1136 1866 1180 1905 in
1203 1866 1444 1905 animarum
1471 1879 1644 1905 suarum

104 1929 362 1983 periculum,
393 1943 440 1969 ac
473 1930 661 1983 ipsorum
693 1931 993 1970 canonicorum
1026 1934 1069 1969 et
1099 1929 1277 1982 capituli
1309 1943 1395 1968 non
1427 1930 1644 1969 modicum

105 1993 435 2044 detrimentum,
458 2008 584 2047 super
599 2008 683 2048 quo
704 1995 837 2035 iidem
859 1994 1054 2034 canonici
1077 1996 1121 2033 et
1142 1993 1381 2046 capitulum
1403 1993 1643 2046 apostolicae

108 2058 220 2098 sedis
242 2059 482 2098 remedium
504 2058 803 2112 implorarunt,
826 2059 1023 2111 quocirca
1044 2058 1295 2098 discretioni
1317 2062 1403 2097 tuae
1426 2071 1500 2111 per
1521 2072 1644 2111 apos-

105 2122 235 2162 tolica
257 2123 416 2176 scripta
432 2123 700 2172 mandamus,
718 2127 932 2176 quatenus
955 2136 1102 2162 omnes
1123 2120 1371 2175 hujusmodi
1395 2122 1642 2172 occultores,

106 2185 353 2226 detentores
370 2186 649 2237 decimarum,
666 2187 931 2237 reddituum,
954 2186 1234 2234 oblationum,
1253 2190 1293 2225 et
1314 2185 1494 2225 aliorum
1515 2185 1643 2225 bono-

106 2263 202 2289 rum
234 2250 549 2303 praedictorum,
587 2265 638 2291 ex
669 2255 790 2305 parte
821 2255 968 2290 nostra
1000 2250 1169 2303 publice
1202 2250 1246 2288 in
1279 2249 1469 2289 ecclesiis
1502 2264 1641 2289 coram

106 2314 264 2367 populo
293 2328 369 2367 per
400 2318 445 2355 te
477 2315 545 2355 vel
570 2315 704 2355 alium
725 2315 982 2354 monicionis
1005 2317 1054 2353 ut
1076 2312 1188 2352 infra
1209 2317 1530 2366 competentem
1556 2318 1642 2353 ter-

106 2379 274 2417 minum
299 2392 429 2431 quem
452 2380 513 2419 eis
534 2379 779 2432 praefixeris,
803 2392 852 2418 ea
872 2377 1060 2431 praefatis
1083 2377 1298 2416 canonicis
1321 2380 1363 2416 ct
1386 2377 1575 2430 capitulo
1596 2379 1640 2417 in

107 2455 150 2481 se
171 2441 320 2481 debita
340 2443 573 2482 restituant
594 2448 640 2483 et
670 2443 876 2491 revelent,
898 2456 955 2481 ac⁴
977 2442 1030 2482 de
1051 2442 1155 2495 ipsis
1177 2441 1346 2494 plenam
1377 2445 1418 2480 et
1451 2442 1641 2481 debitam

107 2505 447 2546 satisfaccionem
485 2508 755 2561 impendant.
818 2508 872 2546 Et
908 2507 942 2546 si
975 2506 1018 2545 id
1051 2519 1135 2545 non
1168 2505 1497 2558 adimpleverint
1532 2505 1639 2545 infra

94 2569 240 2610 ,alium
274 2574 593 2623 competentem
624 2572 863 2611 terminum
895 2584 1023 2623 quem
1061 2570 1122 2609 eis
1153 2569 1205 2609 ad
1242 2567 1322 2608 hoc
1354 2571 1640 2622 peremptorie

106 2633 277 2673 duxeris
309 2635 632 2689 praefigendum,
654 2639 810 2675 extunc
844 2636 887 2674 in
921 2648 991 2674 eos
1022 2633 1265 2688 generalem
1300 2634 1641 2672 excommunica-

106 2697 240 2737 cionis
262 2700 523 2738 sentenciam
545 2699 746 2752 proferas,
768 2705 808 2739 et
835 2713 929 2739 eam
951 2697 1078 2738 facias
1101 2697 1159 2737 ibi
1184 2702 1224 2736 et
1249 2697 1419 2749 quando
1442 2697 1639 2749 expedire

107 2760 264 2800 videris
285 2775 421 2815 usque
443 2763 495 2802 ad
519 2763 856 2803 satisfaccionem
874 2763 1131 2815 condignam
1151 2760 1400 2799 solemniter
1418 2759 1639 2813 publicari.

107 2824 206 2863 Dat.
239 2825 399 2875 Romae,
421 2827 534 2879 apud
567 2826 773 2867 Sanctum
796 2827 990 2876 Petrum,
1013 2826 1059 2878 iij
1088 2825 1197 2865 Non.
1222 2825 1341 2873 Maii,
1364 2824 1640 2876 pontificatus

107 2888 242 2927 nostri
264 2903 375 2929 anno
396 2895 547 2943 quarto
569 2891 748 2931 decimo.

854 2965 904 2993 12

1770 128 1861 174 115

1672 781 1710 808 so.
1724 781 1752 808 3.

1675 974 1720 1004 St.
1738 974 1863 1010 Peter's,

1676 1014 1752 1051 May
1769 1017 1796 1044 2⁴.

1675 1062 1740 1083 ΑΛ).
1761 1054 1844 1083 1399.

1678 1232 1825 1261 Bonisace

1678 1271 1736 1300 IX.
1750 1272 1868 1300 threat-

1677 1321 1731 1340 ens
1749 1320 1878 1339 exc-onim

1678 1350 1871 1379 nnxnication

1678 1391 1803 1427 against

1679 1429 1804 1458 robbers
1819 1429 1853 1457 of

1679 1469 1731 1497 the
1750 1468 1875 1498 church.

1674 2837 1718 2866 St.
1736 2838 1859 2877 l‘eter's,

1674 2876 1748 2915 May
1766 2880 1794 2912 5,

1671 2925 1738 2945 AJ).
1757 2919 1842 2949 1403.
