1935 3151
583 113 807 146 ORIGINAL
845 114 1132 146 DovUMssNTS.

84 226 214 266 ferri¹
249 228 293 266 et
325 225 619 280 cujuscunque
651 226 826 266 alterius
858 226 1013 266 mineri
1047 227 1414 280 provenientibUS,
1436 241 1541 280 pure
1574 232 1618 267 et

86 291 351 343 simpliciter,
384 295 594 343 quantum
631 291 683 330 ad
721 304 797 330 nos
834 291 1009 341 attinet,
1048 304 1122 330 seu
1157 291 1211 331 de
1240 290 1338 344 jure
1368 291 1486 341 licet,
1520 305 1620 330 con-

82 355 289 402 cedimus,
321 355 575 404 anectimus,
608 359 653 394 et
684 356 872 404 unimus,
904 355 1125 407 perpetuis
1158 354 1317 395 futuris
1349 355 1618 408 temporibus

84 418 371 471 possidendas.
434 418 678 458 Statuimus
701 420 876 471 insuper
908 422 952 457 et
983 418 1246 468 ordinamus,
1268 419 1382 472 quod
1403 419 1618 458 dictorum

84 481 273 521 locorum
296 480 604 521 inhabitatores
626 483 829 530 universi,
852 486 902 521 ut
924 482 1010 521 veri
1042 482 1256 521 dictorum
1277 483 1552 522 canonicatus
1575 486 1620 521 et

86 545 324 598 praebendae
355 546 400 584 in
432 546 610 585 ecclesia
641 546 806 599 Rypon’
828 546 1028 598 praedicta
1059 550 1103 586 et
1134 546 1230 585 aliis
1263 546 1365 586 locis
1395 547 1507 599 aptis
1544 560 1620 599 pro

86 608 353 662 parochianis
390 610 604 649 dictorum
634 611 910 649 canonicatus
943 615 988 650 et
1019 610 1259 663 praebendae
1288 610 1447 650 Divino
1479 610 1619 650 cultui

85 673 320 726 deputatis,
343 674 454 712 sicut
475 675 618 713 caeteri
640 674 851 713 dictorum
873 675 1147 714 canonicatus
1171 678 1215 713 et
1238 674 1476 727 praebendae
1498 688 1620 727 paro-

81 735 240 787 chiani,
262 738 411 776 missas
433 740 477 776 et
498 737 580 776 alia
600 738 714 777 dicta
736 737 871 777 officia
901 738 1088 791 benigne
1120 738 1299 778 audiant
1331 742 1376 777 et
1406 738 1619 787 modeste,

81 814 129 839 ac
152 800 439 840 ecclesiastica
461 805 726 840 sacramenta
758 805 802 841 et
835 802 1158 841 sacramentalia
1188 803 1430 855 percipiant
1460 815 1536 854 per
1558 806 1619 852 te,

84 865 348 904 sacerdotem
389 868 435 903 et
474 865 693 904 ministros
734 867 832 904 tuos
874 865 1003 904 tuos²
1040 869 1084 905 et
1122 879 1411 905 successorum
1442 869 1618 905 tuorum

83 929 382 968 canonicorum
414 931 458 967 et·
489 928 880 981 praebendariorum
912 928 964 968 de
997 928 1214 982 Stodelay,
1236 930 1372 982 ipsius
1404 928 1620 969 inhabita-

80 992 247 1032 toribus
267 992 313 1031 in
344 996 605 1044 perpetuum
636 992 870 1042 ministros,
892 1006 939 1031 ac
961 993 1075 1045 quod
1096 1007 1172 1046 pro
1203 997 1280 1033 tuo
1314 992 1548 1041 sacerdote,
1572 996 1619 1031 et

82 1056 379 1095 ministrorum
394 1059 440 1095 et
454 1069 744 1095 successorum
754 1059 928 1095 tuorum
942 1056 1082 1096 labore
1094 1058 1151 1096 sic
1168 1057 1315 1096 sedulo
1329 1056 1618 1109 inpendendo,

82 1124 339 1159 memoratas
370 1120 557 1159 decimas
589 1118 769 1173 majores
791 1123 836 1159 et
866 1120 1000 1160 reales
1032 1121 1256 1173 percipias,
1279 1124 1324 1160 et
1356 1133 1618 1160 successores

80 1184 148 1223 tui
181 1183 373 1236 praedicti
406 1183 647 1236 percipiant
677 1183 933 1233 antedictas,
970 1187 1014 1223 et
1057 1184 1171 1237 quod
1208 1185 1392 1224 minutae
1437 1184 1617 1224 decimae

80 1247 235 1287 oblatae
256 1247 308 1286 de
330 1247 456 1286 dictis
489 1246 604 1296 locis,
627 1260 775 1287 eorum
806 1246 1146 1287 inhabitat-orum
1168 1248 1445 1297 animalibus,
1468 1248 1614 1297 rebus,

81 1315 127 1350 et
147 1310 241 1350 aliis
262 1310 525 1360 obventuriS,
547 1311 802 1350 communiae
835 1311 1022 1350 ecclesiae
1044 1315 1199 1351 nostrae
1223 1311 1377 1364 Ripon'
1398 1311 1616 1364 praedictae

80 1374 353 1429 integraliter
393 1374 678 1427 applicentur,
721 1375 782 1414 ita
822 1375 936 1428 quod
978 1375 1070 1428 ipsa
1113 1376 1362 1415 communia
1402 1389 1478 1428 per
1521 1389 1617 1415 suos

80 1440 301 1479 ministros
323 1439 413 1478 sine
445 1438 588 1492 aliqua
619 1439 960 1478 contradiccione
991 1440 1201 1492 percipiat
1223 1442 1269 1479 et
1290 1438 1482 1490 habebit,
1506 1440 1619 1479 sicut

80 1504 264 1556 percipit
286 1507 329 1542 et
351 1501 482 1542 habet
502 1503 547 1541 in
569 1503 733 1542 caeteris
754 1502 993 1555 praebendis
1021 1503 1208 1542 ecclesiae
1239 1507 1500 1544 memoratae.
1564 1503 1616 1542 In

81 1566 220 1620 cujus,
243 1570 324 1606 etc.

171 1630 268 1669 Dat.
286 1629 399 1682 apud
415 1628 558 1682 Thorp
573 1629 700 1682 juxta
716 1629 842 1669 Ebor.
860 1643 940 1669 xxv
957 1630 1026 1669 die
1044 1630 1282 1680 Februarii,
1299 1630 1424 1669 Anno
1442 1630 1615 1670 Domini

83 1692 317 1732 Millesimo
367 1698 485 1732 cccmo
527 1694 791 1746 sexagesimo
842 1693 994 1746 primo,
1036 1697 1079 1733 et
1121 1697 1277 1733 nostrae
1319 1694 1616 1734 translacionis

82 1756 282 1796 decimo.³

612 2074 714 2113 VII.
747 2072 1081 2114 HOSPITALS.

104 2197 247 2233 CVIII.
282 2197 577 2232 INVENTORY
610 2197 672 2232 OF
701 2197 803 2232 THE
837 2197 1091 2233 HOSPITAL
1125 2197 1187 2232 OF
1222 2197 1288 2232 ST.
1323 2197 1455 2233 JOHN
1484 2197 1589 2232 THE

734 2255 958 2289 BAPTIST.

587 2329 873 2374 (DARNBROUGH
898 2329 975 2363 MS.
1002 2328 1131 2374 xxvii.)

170 2405 500 2446 Memorandum
541 2419 593 2445 ex
632 2406 745 2446 facta
785 2405 987 2460 diligenti
1023 2405 1306 2458 inquisicione
1342 2405 1388 2445 in
1430 2406 1617 2459 capitulo

82 2471 235 2524 Ripon’
257 2484 383 2523 super
403 2469 488 2509 hiis
519 2484 613 2523 quae
635 2471 813 2510 inventa
833 2469 1012 2509 fuerunt
1032 2470 1078 2509 in
1109 2470 1236 2510 domo
1266 2468 1469 2523 hospitali
1492 2470 1616 2511 Beati

82 2533 291 2575 Johannis
327 2533 537 2587 Baptistae
573 2533 727 2586 Ripon’
761 2537 1030 2586 compertum
1056 2533 1142 2573 fuit
1178 2540 1224 2574 et
1259 2533 1488 2586 probatum
1525 2538 1616 2583 est3

156 2646 213 2689 (1)
239 2644 355 2679 There
371 2655 430 2678 are
446 2643 526 2678 lead
543 2643 667 2686 mines,
683 2642 750 2678 but
767 2654 813 2678 no
830 2643 908 2678 iron
925 2643 1038 2678 mines
1055 2644 1091 2678 in
1109 2644 1170 2679 the
1187 2642 1496 2688 neighbourhood.

157 2698 213 2741 (2)
243 2697 291 2731 So
308 2696 344 2730 in
361 2696 451 2730 both
469 2695 574 2730 MSS.

157 2750 213 2795 (3)
241 2749 350 2783 From
367 2747 467 2782 office
484 2747 600 2793 copies
617 2747 721 2781 made
745 2747 979 2793 respectively
995 2747 1044 2793 by
1061 2749 1070 2768 ‘
1083 2748 1163 2782 Fra„
1183 2747 1345 2792 Wright,
1362 2746 1501 2793 Notary
1519 2747 1617 2782 Pub-

84 2802 169 2844 lick,
186 2802 333 2847 Deputy
349 2800 539 2845 Register,'
558 2799 627 2833 and
645 2801 654 2819 ‘
666 2799 756 2834 Rob.
775 2800 800 2834 J
802 2799 885 2843 ubb,
902 2800 1048 2846 Deputy
1066 2799 1256 2845 Register,’
1271 2799 1366 2833 from
1382 2799 1444 2833 the
1465 2799 1617 2845 original

85 2855 121 2888 in
140 2854 201 2888 the
219 2853 370 2898 registry
389 2852 428 2886 of
450 2852 509 2886 the
528 2852 734 2895 s'onsistory
753 2850 866 2886 Gourt
883 2852 924 2885 of
945 2853 1006 2887 the
1026 2851 1252 2896 Archbishop
1270 2851 1311 2884 of
1331 2851 1443 2885 York.

1653 423 1716 451 and
1733 422 1783 451 his

1654 461 1813 498 parochinl

1654 501 1816 529 ministra-

1653 540 1735 568 tions
1751 548 1802 568 are

1654 583 1686 607 to
1702 580 1738 607 be
1755 587 1805 607 ac-

1655 620 1774 656 cepted.

1651 1192 1719 1221 The
1734 1193 1828 1222 small

1651 1231 1749 1261 tithes
1765 1241 1817 1261 are

1652 1277 1684 1300 to
1699 1280 1741 1309 go
1753 1274 1786 1300 to
1799 1271 1853 1300 the

1654 1319 1798 1339 common

1652 1349 1731 1378 fund
1746 1350 1780 1378 of
1798 1349 1853 1379 the

1652 1388 1783 1418 church.

1652 1632 1783 1670 Bishop-

1651 1672 1771 1709 thoi-pe,

1651 1711 1675 1740 F
1678 1712 1724 1740 eb.
1741 1712 1789 1741 25.

1651 2429 1718 2450 Α».
1734 2420 1819 2450 1277.
