1955 3068
623 155 849 189 ORIGINAL
885 155 1174 188 DOCUMENTS.

132 267 219 307 suis
241 266 535 320 pertinenciis,
558 267 771 320 praedietis
794 266 997 318 Johanni,
1019 265 1222 317 Johanni,
1245 270 1290 307 et
1306 265 1509 316 Johanni,
1531 264 1666 305 haere-

129 331 256 370 dibus
278 335 321 371 et
350 331 579 384 assignatis
603 332 705 380 suis,
726 331 874 381 libere,
897 331 1059 384 quiete,
1081 331 1264 384 integre,
1287 331 1396 370 bene
1420 334 1464 369 et
1486 331 1530 368 in
1563 342 1665 381 pace

128 398 172 434 et
193 396 516 448 imperpetuum
538 394 591 434 de
609 395 779 448 capitali
801 395 975 435 domino
995 394 1110 434 feodi
1132 394 1250 434 illius
1271 408 1346 448 per
1369 394 1543 433 servicia
1565 393 1665 431 inde

127 458 287 508 debita,
311 463 351 497 et
388 459 441 498 de
469 458 568 512 jure
601 463 819 499 consueta.
882 458 939 498 Et
970 472 1049 512 ego
1075 472 1174 498 vero
1195 459 1427 512 praedictus
1451 457 1664 496 Henricus

128 527 174 563 et
196 522 376 563 heredes
398 524 483 562 mei
516 527 659 562 totum
691 525 946 577 praedictum
978 525 1249 577 mesuagium
1281 537 1380 563 cum
1414 523 1501 562 suis
1533 521 1666 574 perti-

127 587 293 626 nenciis
329 586 517 639 przefatis
559 585 748 627 Johanni
791 586 980 627 Johanni
1022 592 1067 626 et
1108 586 1295 627 Johanni
1338 586 1578 626 haeredibus
1621 588 1665 624 et

127 651 355 704 assignatis
388 651 474 689 suis
507 655 557 690 ut
583 651 837 703 praedictum
860 654 925 690 est
947 654 1094 690 contra
1115 664 1263 691 omnes
1293 655 1446 704 gentes
1468 649 1665 689 waranti-

128 714 320 754 zabimus
363 718 407 754 et
448 714 728 754 defendemus
779 716 1115 767 imperpetuum.
1178 715 1229 753 In
1272 714 1394 767 cujus
1437 714 1498 753 rei
1539 713 1665 752 testi-

130 779 324 817 monium
359 777 459 817 huic
492 779 693 831 praesenti
727 783 852 818 cartae
892 778 1082 831 sigillum
1124 792 1270 817 meum
1312 778 1504 831 apposui.
1568 777 1664 816 Hiis

129 842 325 891 testibus,
348 840 375 880 J
378 840 544 881 ohanne
566 842 617 881 de
642 841 832 894 Shirwod
852 857 862 890 3
895 842 1082 881 Roberto
1104 842 1157 881 de
1181 840 1434 889 Bronhows3
1467 840 1492 880 J
1496 840 1663 880 ohanne

128 905 182 945 de
224 905 457 954 Tanfel(le;
499 906 717 945 &Villehno
759 907 810 946 de
854 906 1058 955 Scotton;
1110 905 1307 946 Johanne
1348 906 1401 945 de
1445 905 1664 958 Staynlay,

127 967 356 1019 Fleslzour,
379 974 420 1009 et
445 970 594 1009 multis
616 970 724 1009 aliis.

216 1033 313 1073 Dat.
346 1033 458 1086 apud
487 1034 655 1086 Ripon’,
687 1034 756 1073 die
788 1034 1015 1073 Dominica
1054 1047 1171 1086 prox.
1210 1038 1305 1087 post
1348 1033 1507 1073 festum
1541 1033 1662 1072 Beati

126 1096 276 1136 Jacobi
317 1097 525 1150 Apostoli,
567 1098 692 1137 Anno
734 1098 910 1137 Domini
951 1097 1186 1137 Millesimo
1237 1102 1356 1137 00οῐ1]ο
1399 1098 1662 1150 sexagesimo

124 1173 252 1200 nono.

844 1255 941 1301 (LI.)

215 1327 368 1367 Pateat
409 1327 619 1367 universis
660 1340 735 1381 per
775 1332 1023 1380 praesentes,
1065 1327 1178 1381 quod
1221 1341 1302 1382 ego
1343 1326 1556 1367 Henricus
1607 1326 1660 1366 de

126 1390 372 1444 Plompton,
395 1392 577 1431 vicarius
600 1391 789 1431 ecclesiae
821 1390 1058 1445 collegiatae
1079 1390 1247 1445 Ripon’,
1270 1391 1483 1431 attornavi
1506 1395 1549 1430 et
1570 1390 1661 1430 loco

126 1468 221 1494 meo
261 1456 385 1507 posui
419 1455 629 1495 dilectum
665 1454 775 1494 mihi
811 1455 857 1494 in
894 1454 1063 1496 Christo
1100 1456 1324 1495 dominum
1353 1453 1581 1495 Johannen
1606 1453 1659 1494 de

126 1517 461 1572 NValkyngham,
491 1520 696 1558 vicarium
723 1519 911 1559 ecclesiae
942 1520 1171 1572 praedictae,
1200 1523 1367 1559 certum
1393 1522 1660 1558 attornatum

127 1596 288 1633 meum,
310 1583 363 1622 ad
384 1583 649 1623 liberandam
670 1583 843 1636 plenam
866 1584 1067 1623 seisinam
1084 1584 1257 1623 nomine
1281 1597 1376 1623 meo
1397 1583 1424 1623 J
1427 1581 1585 1622 ohanni
1607 1583 1660 1622 de

127 1645 280 1699 Clynte
316 1647 483 1696 seniori,
520 1646 707 1687 Johanni
743 1648 795 1687 de
832 1648 1086 1701 Stayndrop,
1123 1651 1169 1687 et
1201 1647 1228 1687 J
1232 1645 1391 1687 ohanni
1421 1647 1473 1686 de
1507 1646 1660 1699 Clynte

119 1709 285 1763 juniori
307 1711 358 1750 de
381 1710 536 1763 Ripon,
551 1711 794 1764 capellanis,
809 1710 1050 1751 haeredibus
1071 1715 1115 1751 et
1136 1712 1363 1765 assignatis
1380 1711 1481 1760 suis,
1498 1710 1551 1750 de
1568 1714 1662 1749 toto

124 1774 199 1813 illo
220 1775 442 1827 mesuagio
465 1788 564 1814 cum
588 1776 675 1814 suis
697 1776 977 1828 pertinenciis
989 1774 1162 1828 jacente
1183 1776 1229 1814 in
1253 1773 1406 1827 Ripon’
1426 1775 1472 1813 in
1493 1774 1660 1813 Annes-

124 1842 240 1892 gate,
270 1839 385 1878 inter
415 1840 687 1892 mesuagium
718 1838 929 1879 Johannis
960 1840 1012 1879 de
1044 1839 1250 1879 Tanfelde
1283 1853 1335 1878 ex
1365 1842 1485 1891 parte
1507 1851 1593 1877 una
1614 1842 1660 1878 et

123 1900 285 1941 toftum
327 1902 493 1942 abbatis
535 1903 587 1942 de
629 1903 842 1942 Fontibus
884 1917 936 1942 ex
976 1906 1097 1955 parte
1139 1903 1286 1950 altera,
1329 1902 1442 1955 quod
1484 1901 1659 1954 quidem

125 1966 396 2019 mesuagium
417 1966 611 2018 praedicti
643 1965 877 2017 Johannes,
900 1966 926 2006 J
931 1965 1134 2016 ohannes,
1167 1970 1211 2006 et
1242 1964 1474 2015 JohanneS,
1496 1964 1659 2005 habent

125 2043 177 2069 ex
198 2029 309 2068 dono
331 2032 374 2069 et
396 2031 667 2070 concessione
690 2044 786 2070 mea
808 2031 1044 2070 secundum
1070 2035 1264 2070 tenorem
1287 2029 1510 2083 cujusdam
1531 2033 1657 2069 cartae

125 2106 232 2132 meae
255 2093 356 2132 inde
369 2093 559 2146 plenarie
581 2093 716 2134 factae.
759 2094 920 2133 Ratum
936 2098 979 2134 et
995 2098 1170 2148 gratum
1183 2092 1345 2133 habens
1367 2096 1410 2132 et
1432 2091 1658 2132 habiturus

125 2156 331 2209 quicquid
352 2157 468 2196 idem
499 2156 718 2197 ,Iohannes
751 2158 804 2198 de
828 2157 1146 2211 WValkyngham
1177 2157 1352 2197 nomine
1384 2170 1480 2196 meo
1501 2157 1659 2196 dixerit

125 2220 370 2260 faciendum
392 2221 437 2259 in
460 2222 702 2274 praemissis.
749 2222 801 2261 In
823 2221 947 2275 cujus
968 2223 1030 2261 rei
1052 2222 1351 2261 testimonium
1374 2220 1658 2273 praesentibus

126 2283 320 2337 sigillum
341 2297 488 2323 meum
508 2286 700 2337 apposui.

215 2348 312 2387 Dat.
343 2349 456 2401 apud
489 2349 644 2401 Ripon,
680 2349 749 2389 die
781 2349 1004 2389 Dominica
1044 2362 1159 2402 prox.
1192 2351 1288 2401 post
1329 2347 1490 2387 festum
1532 2348 1657 2388 Beati

124 2411 152 2450 J
155 2412 273 2451 acobi
287 2412 495 2465 Apostoli,
509 2413 633 2452 Anno
646 2413 819 2452 Domini
835 2413 1070 2452 Millesimo
1085 2412 1376 2452 tricentesimo
1394 2412 1656 2465 sexagesimo

125 2488 249 2515 nono.

828 2566 945 2611 (LII.)

213 2632 425 2674 Omnibus
456 2633 534 2674 hoc
565 2635 770 2688 script-um
794 2637 946 2676 visuris
969 2636 1036 2676 vel
1067 2637 1293 2686 audituris,
1315 2634 1484 2685 Matild‚
1507 2634 1655 2675 relicta

126 2695 333 2750 Stephani
354 2698 406 2738 de
429 2699 652 2751 Hoperton
674 2699 727 2738 de
745 2699 912 2753 Ripon’,
931 2700 1113 2740 salutem
1127 2701 1173 2740 in
1190 2700 1387 2740 Domino.
1439 2698 1656 2738 Noveritis

126 2774 196 2800 me
221 2762 444 2813 relaxasse,
465 2764 696 2814 remisisse,
720 2768 761 2804 et
794 2765 968 2805 omnino
999 2766 1052 2805 de
1074 2779 1158 2815 me,
1180 2764 1434 2814 haeredibus,
1458 2768 1499 2803 et
1523 2765 1656 2818 assig-

126 2828 237 2866 natis
260 2829 367 2868 meis
389 2830 711 2883 imperpetuum
743 2832 941 2884 quietum
972 2832 1175 2872 clamasse
1198 2830 1386 2872 johanni
1410 2831 1461 2870 de
1485 2830 1653 2884 Clynte,

129 2892 299 2942 seniori,
322 2891 509 2933 Johanni
542 2894 592 2934 de
628 2895 910 2949 Stayndropp,
934 2900 973 2936 et
1009 2895 1196 2935 Johanui
1230 2896 1280 2935 de
1305 2895 1472 2948 Olynte,
1490 2894 1653 2949 juniori

1700 786 1883 816 Witnesses.

1696 1333 1808 1373 Henry
1824 1336 1861 1365 de

1696 1374 1864 1410 Plompton

1696 1413 1843 1450 appoints
1853 1422 1894 1442 an

1696 1457 1843 1489 attomey
1861 1456 1895 1481 to

1696 1492 1770 1528 give
1786 1500 1854 1528 pos-

1694 1530 1808 1559 session
1824 1531 1859 1559 of

1695 1571 1749 1598 the
1765 1570 1871 1606 above,

1695 1609 1774 1646 July
1789 1609 1837 1645 29,

1698 1649 1783 1677 1369.

1689 2098 1730 2127 fo.
1748 2100 1804 2128 103
1819 2107 1847 2127 e.

1690 2644 1723 2673 M
1727 2644 1839 2681 atildn,

1691 2684 1780 2713 relict
1795 2685 1828 2712 of

1691 2722 1796 2760 Steph.
1813 2723 1851 2752 de

1690 2761 1864 2799 Hoperton.

1690 2801 1808 2836 resigns
1823 2800 1865 2829 all

1689 2841 1782 2868 claim
1798 2841 1830 2868 in

1689 2880 1741 2909 the
1758 2879 1864 2915 above,
