1955 3068
567 121 794 154 ORIGINAL
831 121 1121 155 DOCUMENTS.

81 235 265 283 vicariis,
297 233 409 287 quod
452 234 535 287 ipsi
573 234 731 274 dictam
764 234 989 288 parcellam
1030 238 1156 275 terrae
1197 248 1295 275 cum
1338 234 1616 288 pertinenciis

80 312 104 338 a
125 298 302 352 praefato
325 296 653 351 Archiepiscopo
674 299 863 352 recipere
890 299 1056 352 possint
1088 303 1133 339 et,
1163 303 1329 349 tenere,
1353 298 1433 338 sibi
1456 302 1500 337 et
1523 312 1618 337 suc-

80 362 316 403 cessoribus
350 363 437 402 suis
469 363 698 416 praedictis,
737 364 848 403 sicut
880 364 1133 417 praedictum
1170 367 1250 414 est,
1279 365 1617 417 imperpetuum,

80 431 228 466 tenore
252 427 533 479 przesencium
555 427 754 467 similiter
776 427 1003 467 licenciam
1024 428 1224 468 dedimus
1255 428 1496 481 specialem,
1522 426 1618 466 Sta-

81 494 179 531 tuto
200 490 252 530 de
274 491 400 530 terris
423 494 467 530 et
487 492 751 531 tenementis
772 492 824 531 ad
847 505 1024 531 manum
1050 496 1264 532 mortuam
1293 506 1377 532 non
1408 491 1618 545 ponendis

81 555 213 605 edito,
235 559 310 594 aut
333 568 382 594 eo
404 555 516 607 quod
537 555 741 608 praedicta
763 556 946 609 parcella
973 560 1098 596 terrae
1130 557 1183 596 de
1204 556 1327 596 nobis
1348 560 1551 596 teneatur
1572 555 1617 593 in

81 620 236 672 capite,
260 620 373 658 sicut
403 619 657 672 praedictum
689 623 770 669 est,
804 634 880 659 scu
906 620 1090 673 parcella
1122 620 1392 659 fundacionis
1429 619 1617 659 ecclesiae

81 683 296 737 praedictae
319 684 490 732 existat,
512 697 596 722 non
621 684 834 724 obstante.
899 684 1036 724 Salvis
1058 688 1203 724 tamen
1227 684 1348 724 nobis
1373 687 1417 724 et
1437 682 1619 723 haeredi-

82 748 160 787 bus
182 748 339 787 nostris
363 748 551 787 serviciis
573 748 674 787 inde
694 748 851 787 debitis
874 752 917 788 et
938 750 1168 789 consuetis.

172 811 466 851 Concessimus
490 812 621 851 etiam
644 815 688 851 et
709 812 932 851 licenciam
949 812 1163 863 dedimus,
1185 826 1261 866 pro
1282 812 1405 852 nobis
1423 815 1467 852 et
1482 810 1619 852 haere-

81 875 207 915 dibus
222 879 316 915 nost
324 876 379 914 ris
394 875 624 928 praedictis,
639 881 851 928 quantum
866 877 909 915 in
927 876 1050 916 nobis
1067 880 1147 926 est,
1163 877 1339 929 praefato
1352 876 1617 929 procuratori

83 945 124 979 et
150 940 333 988 vicariis,
355 939 469 992 quod
491 940 573 992 ipsi
594 943 744 988 terras,
766 943 1033 991 tenementa,
1056 945 1101 980 et
1122 940 1332 991 redditus,
1354 940 1406 980 ad
1431 940 1617 980 valorem

81 1008 256 1043 centum
281 1003 512 1042 solidorum
535 1017 610 1056 per
631 1017 808 1052 annum,
831 1008 922 1043 tam
944 1017 992 1043 ea
1013 1018 1107 1057 quae
1129 1004 1181 1044 de
1204 1004 1326 1044 nobis
1349 1008 1556 1044 tenentur
1574 1004 1617 1043 in

81 1068 304 1121 burgagiO,
322 1080 450 1120 quam
473 1080 522 1106 ea
543 1080 637 1120 quae
658 1067 710 1106 de
732 1067 853 1107 nobis
875 1081 959 1107 non
981 1072 1200 1117 tenentur,
1218 1069 1441 1121 adquirere
1456 1069 1621 1122 possint

83 1135 129 1171 et
159 1136 308 1171 tenere
342 1131 506 1170 eisdem
548 1132 810 1184 procuratori
842 1145 889 1171 ac
921 1133 1102 1182 vicariis,
1134 1133 1178 1172 in
1211 1132 1419 1172 auxilium
1453 1137 1620 1172 susten-

82 1196 262 1234 tacionis
286 1208 371 1234 suae
393 1195 727 1248 imperpetuum,
752 1195 925 1236 Statuto
947 1196 1150 1249 praedicto
1175 1210 1258 1236 non
1282 1197 1494 1246 obstante,
1516 1197 1621 1236 dum

83 1263 229 1299 tamen
252 1273 327 1313 per
349 1260 654 1312 inquisiciones
677 1261 720 1299 in
744 1259 821 1300 hac
844 1264 963 1313 parte
986 1261 1213 1314 capiendas
1236 1265 1279 1301 et
1302 1262 1345 1300 in
1369 1261 1622 1301 cancellaria

83 1327 228 1364 nostra
251 1328 294 1363 et
326 1314 545 1363 haere'dum
577 1327 821 1363 nostrorum
852 1325 935 1364 rite
957 1325 1235 1364 retornandas
1261 1329 1530 1378 compertum
1564 1326 1621 1364 sit

83 1388 198 1441 quod
231 1388 275 1427 id
311 1387 405 1427 fieri
438 1388 573 1440 possit
604 1388 764 1441 absque
797 1388 984 1442 dampno
1015 1389 1083 1428 vel
1114 1388 1364 1442 praejudicio
1395 1393 1542 1429 nostro
1573 1403 1622 1429 ac

82 1452 265 1492 aliorum
281 1465 649 1505 quorumcunque.
713 1453 981 1493 Intencionis
1004 1457 1146 1493 tamen
1171 1457 1327 1493 nostrae
1349 1467 1435 1493 non
1458 1454 1622 1503 existit,

83 1517 189 1569 quin
211 1517 404 1556 canonici
431 1516 619 1556 eeclesiae
651 1517 865 1569 praedictae
899 1521 939 1557 et
975 1531 1237 1557 successores
1271 1518 1336 1556 sui
1367 1517 1421 1557 ad
1443 1518 1622 1557 vicarias

85 1594 181 1619 suas
203 1581 249 1620 in
272 1580 422 1620 eadem
455 1580 634 1620 ecclesia
664 1594 764 1620 cum
786 1582 1045 1631 vacaverint,
1067 1595 1269 1634 personas
1290 1582 1477 1632 idoneas,
1494 1581 1623 1635 juxta

84 1645 262 1697 antiqua
294 1648 472 1695 statuta,
501 1645 807 1696 ordinaciones,
840 1649 884 1685 et
915 1646 1251 1685 consuetudines
1285 1646 1472 1686 ecclesiae
1503 1646 1621 1686 illius

84 1709 248 1761 possint
269 1710 469 1748 canonice
490 1715 749 1762 praesentare
768 1725 776 1750 ε
811 1710 1041 1762 vicariique
1074 1709 1267 1763 ejusdem
1290 1710 1494 1758 ecclesiae,
1515 1724 1622 1764 prae-

85 1773 187 1812 fatis
224 1773 438 1812 canonicis
480 1777 524 1812 et
563 1774 876 1813 successoribus
915 1775 1017 1825 suis,
1051 1788 1098 1813 ac
1133 1788 1280 1813 eorum
1307 1774 1621 1827 jurisdiccioni‚

85 1837 356 1886 correccioni‚
379 1840 423 1876 et
451 1836 710 1877 obedienciae
740 1838 784 1877 in
817 1838 1016 1877 omnibus
1044 1838 1176 1877 licitis
1209 1841 1253 1877 et
1284 1839 1500 1878 canonicis
1523 1838 1623 1877 sub-

80 1900 255 1954 jaceant·
276 1904 321 1940 et
342 1901 588 1950 intendant,
600 1900 725 1954 juxta
738 1902 936 1954 antiquas
951 1902 1298 1952 consuetudines,
1315 1903 1623 1952 mdiuaciones,

88 1969 131 2004 et
157 1968 318 2004 statuta
341 1965 596 2018 supradicta,
619 1966 820 2018 praesenti
842 1967 1114 2005 concessione
1137 1970 1282 2005 nostra
1303 1979 1387 2005 non
1410 1966 1622 2006 obstante.

89 2029 141 2069 In
158 2028 294 2081 cujuS,
309 2032 391 2068 etc.
433 2029 561 2068 Teste
579 2029 699 2083 Rege
722 2030 836 2083 apud
854 2030 1288 2069 westmonasterium
1306 2031 1392 2069 xxii
1409 2030 1478 2070 die
1496 2030 1618 2071 Julii.

177 2094 260 2133 Per
281 2094 425 2146 ipsum
447 2093 626 2146 Regem.

126 2249 248 2284 XLII.
276 2248 450 2284 GRANT
484 2249 547 2284 OF
580 2251 614 2284 A
645 2250 756 2285 SITE
790 2251 889 2286 FOR
921 2251 1024 2285 THE
1058 2250 1254 2285 YICARS'
1287 2250 1587 2285 RESIDENCE.

614 2336 758 2381 (RIPON
785 2338 968 2371 Ornr'rsn
994 2337 1089 2382 MS.)

182 2415 411 2466 Henricus‚
433 2417 713 2470 permissione
745 2418 888 2457 divina
921 2418 1046 2458 Ebor.
1068 2417 1436 2471 Amhiepiscopus,
1459 2419 1625 2473 Angliae

93 2480 274 2529 Primas,
306 2483 351 2518 et
381 2480 637 2533 Apostolicae
675 2481 784 2521 sedis
820 2481 1005 2536 legatus,
1037 2482 1248 2522 universis
1279 2486 1434 2522 sanctae
1475 2484 1626 2523 matris

95 2544 282 2584 ecclesiae
303 2543 404 2583 filiis
424 2544 477 2583 ad
499 2557 603 2597 quos
625 2548 858 2597 praesentes
889 2545 1026 2586 literae
1057 2546 1344 2600 pervenerint,
1368 2546 1549 2586 salutem
1581 2548 1626 2586 in

95 2608 280 2647 Domino
315 2608 634 2660 sempiternam.
698 2607 805 2648 Cum
838 2622 909 2648 sex
942 2610 1086 2649 vicarii
1118 2610 1163 2649 in
1196 2610 1372 2650 ecclesia
1404 2610 1629 2664 collegiata

98 2672 222 2711 Beati
250 2671 370 2711 Petri
403 2671 568 2724 Rypon’
596 2672 648 2711 ad
670 2670 874 2713 honorem
898 2673 978 2714 Dei
1011 2678 1056 2715 et
1087 2674 1223 2715 divini
1255 2673 1397 2713 cultus
1419 2687 1628 2727 augmen-

97 2736 307 2775 tacionem
346 2735 398 2774 ab
435 2735 536 2774 olim
568 2735 753 2776 fuissent
790 2737 975 2777 ordinati
1018 2742 1060 2777 et
1097 2738 1294 2788 stabiliti,
1331 2738 1402 2791 qui
1441 2738 1629 2791 aliquam

97 2798 414 2838 habitacionem
435 2799 545 2839 infra
566 2799 758 2839 clausum
782 2800 970 2842 ecclesiae
992 2803 1207 2855 praedictae
1230 2803 1274 2841 in
1303 2803 1521 2842 communi
1543 2816 1629 2842 non

98 2861 274 2910 habent,
295 2876 342 2902 ac
359 2876 435 2902 nos
457 2877 532 2916 pro
554 2877 604 2904 eo
626 2864 737 2917 quod
759 2864 890 2905 iidem
912 2867 1058 2905 vicarii
1080 2865 1268 2919 hospicia
1291 2880 1365 2906 sua
1386 2867 1431 2906 in
1453 2867 1631 2907 diversis

1656 819 1793 849 Further

1655 859 1837 898 privileges.

1659 2440 1729 2461 ΑΛ).
1748 2434 1832 2462 1415.

1660 2487 1859 2526 Archbishop

1662 2527 1780 2557 Bowet.

1662 2626 1728 2655 The
1743 2627 1796 2656 six

1662 2666 1775 2702 vieni-s,

1663 2705 1786 2743 having

1664 2744 1805 2773 hitherto

1663 2783 1745 2812 lived
1762 2784 1794 2812 in

1663 2828 1803 2860 separate

1665 2862 1783 2899 houses,
1801 2871 1852 2892 are
