<?xml version="1.0" encoding="UTF-8"?>
<!DOCTYPE html PUBLIC "-//W3C//DTD XHTML 1.0 Transitional//EN"
    "http://www.w3.org/TR/xhtml1/DTD/xhtml1-transitional.dtd">
<html xmlns="http://www.w3.org/1999/xhtml" xml:lang="en" lang="en">
 <head>
  <title>
</title>
<meta http-equiv="Content-Type" content="text/html;charset=utf-8" />
  <meta name='ocr-system' content='tesseract 3.04.00' />
  <meta name='ocr-capabilities' content='ocr_page ocr_carea ocr_par ocr_line ocrx_word'/>
</head>
<body>
  <div class='ocr_page' id='page_1' title='image "./memorialsofchurc01fowl/memorialsofchurc01fowl_0055.png"; bbox 0 0 1915 3068; ppageno 0'>
   <div class='ocr_carea' id='block_1_1' title="bbox 438 164 1312 206">
    <p class='ocr_par' dir='ltr' id='par_1_1' title="bbox 438 164 1312 206">
     <span class='ocr_line' id='line_1_1' title="bbox 438 164 1312 206; baseline -0.002 -8"><span class='ocrx_word' id='word_1_1' title='bbox 438 165 672 199; x_wconf 71' lang='lat' dir='ltr'>EXCERPTS</span> <span class='ocrx_word' id='word_1_2' title='bbox 710 164 836 198; x_wconf 75' lang='lat' dir='ltr'>FROM</span> <span class='ocrx_word' id='word_1_3' title='bbox 875 164 1179 206; x_wconf 77' lang='lat' dir='ltr'>CIIRONICLES,</span> <span class='ocrx_word' id='word_1_4' title='bbox 1218 165 1312 197; x_wconf 79' lang='lat' dir='ltr'>ETC.</span> 
     </span>
    </p>
   </div>
   <div class='ocr_carea' id='block_1_2' title="bbox 96 271 1636 1810">
    <p class='ocr_par' dir='ltr' id='par_1_2' title="bbox 98 271 1632 1291">
     <span class='ocr_line' id='line_1_2' title="bbox 101 271 1629 329; baseline -0.004 -9"><span class='ocrx_word' id='word_1_5' title='bbox 101 278 323 320; x_wconf 79' lang='lat' dir='ltr'>ecclesiam</span> <span class='ocrx_word' id='word_1_6' title='bbox 366 276 512 318; x_wconf 81' lang='lat' dir='ltr'>Sancti</span> <span class='ocrx_word' id='word_1_7' title='bbox 551 278 732 318; x_wconf 58' lang='grc' dir='ltr'>1111111616ι</span> <span class='ocrx_word' id='word_1_8' title='bbox 777 279 822 317; x_wconf 86' lang='grc'>111</span> <span class='ocrx_word' id='word_1_9' title='bbox 867 271 1215 316; x_wconf 78' lang='lat' dir='ltr'>Hestoldesbaiii.</span> <span class='ocrx_word' id='word_1_10' title='bbox 1279 275 1492 317; x_wconf 84' lang='lat' dir='ltr'>Silmilem</span> <span class='ocrx_word' id='word_1_11' title='bbox 1523 273 1629 329; x_wconf 74' lang='lat' dir='ltr'>(sic)</span> 
     </span>
     <span class='ocr_line' id='line_1_3' title="bbox 102 339 1629 395; baseline -0.002 -13"><span class='ocrx_word' id='word_1_12' title='bbox 102 341 454 382; x_wconf 83' lang='lat' dir='ltr'>emendacionem</span> <span class='ocrx_word' id='word_1_13' title='bbox 487 355 561 394; x_wconf 89' lang='lat' dir='ltr'>pro</span> <span class='ocrx_word' id='word_1_14' title='bbox 593 356 695 395; x_wconf 81' lang='lat' dir='ltr'>pace</span> <span class='ocrx_word' id='word_1_15' title='bbox 727 341 861 382; x_wconf 84' lang='lat' dir='ltr'>fracta</span> <span class='ocrx_word' id='word_1_16' title='bbox 884 339 1047 380; x_wconf 81' lang='lat' dir='ltr'>habent</span> <span class='ocrx_word' id='word_1_17' title='bbox 1073 340 1259 393; x_wconf 67' lang='lat' dir='ltr'>prfefatae</span> <span class='ocrx_word' id='word_1_18' title='bbox 1283 340 1484 381; x_wconf 73' lang='lat' dir='ltr'>ecclesiae.</span> <span class='ocrx_word' id='word_1_19' title='bbox 1547 340 1629 379; x_wconf 85' lang='lat' dir='ltr'>Ec-</span> 
     </span>
     <span class='ocr_line' id='line_1_4' title="bbox 101 402 1631 447; baseline -0.003 0"><span class='ocrx_word' id='word_1_20' title='bbox 101 407 229 447; x_wconf 81' lang='lat' dir='ltr'>clesia</span> <span class='ocrx_word' id='word_1_21' title='bbox 262 420 361 445; x_wconf 75' lang='lat' dir='ltr'>vero</span> <span class='ocrx_word' id='word_1_22' title='bbox 395 406 517 445; x_wconf 72' lang='lat' dir='ltr'>Beati</span> <span class='ocrx_word' id='word_1_23' title='bbox 552 405 763 446; x_wconf 77' lang='lat' dir='ltr'>Johannis</span> <span class='ocrx_word' id='word_1_24' title='bbox 796 407 839 445; x_wconf 86' lang='lat' dir='ltr'>iu</span> <span class='ocrx_word' id='word_1_25' title='bbox 873 405 1100 445; x_wconf 82' lang='lat' dir='ltr'>Beverlaco</span> <span class='ocrx_word' id='word_1_26' title='bbox 1133 405 1298 445; x_wconf 86' lang='lat' dir='ltr'>miliare</span> <span class='ocrx_word' id='word_1_27' title='bbox 1331 418 1467 444; x_wconf 88' lang='lat' dir='ltr'>unum</span> <span class='ocrx_word' id='word_1_28' title='bbox 1498 402 1631 443; x_wconf 80' lang='lat' dir='ltr'>habet</span> 
     </span>
     <span class='ocr_line' id='line_1_5' title="bbox 99 468 1629 523; baseline -0.002 -13"><span class='ocrx_word' id='word_1_29' title='bbox 99 472 210 510; x_wconf 84' lang='lat' dir='ltr'>circa</span> <span class='ocrx_word' id='word_1_30' title='bbox 234 484 277 509; x_wconf 88' lang='lat' dir='ltr'>se</span> <span class='ocrx_word' id='word_1_31' title='bbox 308 470 494 509; x_wconf 85' lang='lat' dir='ltr'>liberum</span> <span class='ocrx_word' id='word_1_32' title='bbox 517 476 561 509; x_wconf 87' lang='lat' dir='ltr'>et</span> <span class='ocrx_word' id='word_1_33' title='bbox 583 471 782 523; x_wconf 89' lang='lat' dir='ltr'>quietum</span> <span class='ocrx_word' id='word_1_34' title='bbox 804 470 857 509; x_wconf 87' lang='lat' dir='ltr'>ab</span> <span class='ocrx_word' id='word_1_35' title='bbox 880 470 998 509; x_wconf 86' lang='lat' dir='ltr'>omni</span> <span class='ocrx_word' id='word_1_36' title='bbox 1020 469 1154 523; x_wconf 82' lang='lat' dir='ltr'>regali</span> <span class='ocrx_word' id='word_1_37' title='bbox 1175 469 1488 508; x_wconf 79' lang='lat' dir='ltr'>consuetudine</span> <span class='ocrx_word' id='word_1_38' title='bbox 1511 472 1555 507; x_wconf 86' lang='lat' dir='ltr'>et</span> <span class='ocrx_word' id='word_1_39' title='bbox 1577 468 1629 507; x_wconf 84' lang='lat' dir='ltr'>ab</span> 
     </span>
     <span class='ocr_line' id='line_1_6' title="bbox 101 529 1630 589; baseline -0.001 -16"><span class='ocrx_word' id='word_1_40' title='bbox 101 529 217 574; x_wconf 86' lang='lat' dir='ltr'>omui</span> <span class='ocrx_word' id='word_1_41' title='bbox 248 534 510 574; x_wconf 89' lang='lat' dir='ltr'>redidicione</span> <span class='ocrx_word' id='word_1_42' title='bbox 533 532 639 589; x_wconf 66' lang='lat' dir='ltr'>(sic)</span> <span class='ocrx_word' id='word_1_43' title='bbox 662 534 854 587; x_wconf 79' lang='lat' dir='ltr'>pecuniae</span> <span class='ocrx_word' id='word_1_44' title='bbox 877 537 922 573; x_wconf 84' lang='lat' dir='ltr'>et</span> <span class='ocrx_word' id='word_1_45' title='bbox 943 533 996 572; x_wconf 84' lang='lat' dir='ltr'>ab</span> <span class='ocrx_word' id='word_1_46' title='bbox 1017 534 1132 572; x_wconf 88' lang='lat' dir='ltr'>omni</span> <span class='ocrx_word' id='word_1_47' title='bbox 1155 533 1273 587; x_wconf 85' lang='lat' dir='ltr'>gildo</span> <span class='ocrx_word' id='word_1_48' title='bbox 1304 532 1418 586; x_wconf 89' lang='lat' dir='ltr'>quod</span> <span class='ocrx_word' id='word_1_49' title='bbox 1441 532 1531 585; x_wconf 71' lang='lat' dir='ltr'>regi</span> <span class='ocrx_word' id='word_1_50' title='bbox 1555 546 1630 585; x_wconf 87' lang='lat' dir='ltr'>per</span> 
     </span>
     <span class='ocr_line' id='line_1_7' title="bbox 100 596 1630 651; baseline -0.002 -14"><span class='ocrx_word' id='word_1_51' title='bbox 100 599 346 638; x_wconf 79' lang='lat' dir='ltr'>universam</span> <span class='ocrx_word' id='word_1_52' title='bbox 392 597 595 651; x_wconf 86' lang='lat' dir='ltr'>Angliam</span> <span class='ocrx_word' id='word_1_53' title='bbox 641 597 913 651; x_wconf 76' lang='lat' dir='ltr'><strong>persolvitur.</strong></span> <span class='ocrx_word' id='word_1_54' title='bbox 982 597 1017 636; x_wconf 89' lang='lat' dir='ltr'><strong>A</strong></span> <span class='ocrx_word' id='word_1_55' title='bbox 1054 597 1264 650; x_wconf 85' lang='lat' dir='ltr'>principio</span> <span class='ocrx_word' id='word_1_56' title='bbox 1300 597 1419 636; x_wconf 90' lang='lat' dir='ltr'>illius</span> <span class='ocrx_word' id='word_1_57' title='bbox 1455 596 1630 635; x_wconf 81' lang='lat' dir='ltr'>miliarii</span> 
     </span>
     <span class='ocr_line' id='line_1_8' title="bbox 101 660 1631 715; baseline -0.002 -13"><span class='ocrx_word' id='word_1_58' title='bbox 101 676 237 715; x_wconf 88' lang='lat' dir='ltr'>usque</span> <span class='ocrx_word' id='word_1_59' title='bbox 270 662 321 701; x_wconf 84' lang='lat' dir='ltr'>ad</span> <span class='ocrx_word' id='word_1_60' title='bbox 354 675 526 701; x_wconf 80' lang='lat' dir='ltr'>crucem</span> <span class='ocrx_word' id='word_1_61' title='bbox 558 661 751 702; x_wconf 86' lang='lat' dir='ltr'>Alestani</span> <span class='ocrx_word' id='word_1_62' title='bbox 785 662 898 715; x_wconf 88' lang='lat' dir='ltr'>regis</span> <span class='ocrx_word' id='word_1_63' title='bbox 931 662 965 700; x_wconf 86' lang='lat' dir='ltr'>si</span> <span class='ocrx_word' id='word_1_64' title='bbox 998 662 1094 714; x_wconf 87' lang='lat' dir='ltr'>quis</span> <span class='ocrx_word' id='word_1_65' title='bbox 1130 675 1273 714; x_wconf 86' lang='lat' dir='ltr'>pacem</span> <span class='ocrx_word' id='word_1_66' title='bbox 1308 660 1501 715; x_wconf 84' lang='lat' dir='ltr'>fregerit,</span> <span class='ocrx_word' id='word_1_67' title='bbox 1533 673 1631 699; x_wconf 87' lang='lat' dir='ltr'>reus</span> 
     </span>
     <span class='ocr_line' id='line_1_9' title="bbox 102 724 1629 780; baseline -0.001 -15"><span class='ocrx_word' id='word_1_68' title='bbox 102 726 218 780; x_wconf 85' lang='lat' dir='ltr'>eritj</span> <span class='ocrx_word' id='word_1_69' title='bbox 244 725 479 766; x_wconf 89' lang='lat' dir='ltr'>hundreth.</span> <span class='ocrx_word' id='word_1_70' title='bbox 544 727 581 766; x_wconf 97' lang='lat' dir='ltr'><strong>A</strong></span> <span class='ocrx_word' id='word_1_71' title='bbox 602 740 725 766; x_wconf 89' lang='lat' dir='ltr'>cruce</span> <span class='ocrx_word' id='word_1_72' title='bbox 747 726 941 766; x_wconf 86' lang='lat' dir='ltr'>Alestani</span> <span class='ocrx_word' id='word_1_73' title='bbox 967 739 1104 779; x_wconf 88' lang='lat' dir='ltr'>usque</span> <span class='ocrx_word' id='word_1_74' title='bbox 1132 726 1186 765; x_wconf 86' lang='lat' dir='ltr'>ad</span> <span class='ocrx_word' id='word_1_75' title='bbox 1208 727 1486 776; x_wconf 76' lang='lat' dir='ltr'>cimiterium,</span> <span class='ocrx_word' id='word_1_76' title='bbox 1507 725 1561 764; x_wconf 87' lang='lat' dir='ltr'>de</span> <span class='ocrx_word' id='word_1_77' title='bbox 1584 724 1629 778; x_wconf 84' lang='lat' dir='ltr'>iij</span> 
     </span>
     <span class='ocr_line' id='line_1_10' title="bbox 101 787 1630 844; baseline -0.001 -15"><span class='ocrx_word' id='word_1_78' title='bbox 101 789 336 830; x_wconf 83' lang='lat' dir='ltr'>hundreth.</span> <span class='ocrx_word' id='word_1_79' title='bbox 399 789 483 838; x_wconf 86' lang='lat' dir='ltr'>Qui</span> <span class='ocrx_word' id='word_1_80' title='bbox 514 790 560 829; x_wconf 91' lang='lat' dir='ltr'>in</span> <span class='ocrx_word' id='word_1_81' title='bbox 592 791 806 830; x_wconf 88' lang='lat' dir='ltr'>cimiterio</span> <span class='ocrx_word' id='word_1_82' title='bbox 834 803 985 843; x_wconf 84' lang='lat' dir='ltr'>pacem</span> <span class='ocrx_word' id='word_1_83' title='bbox 1018 790 1214 844; x_wconf 77' lang='lat' dir='ltr'>fregerit,</span> <span class='ocrx_word' id='word_1_84' title='bbox 1245 790 1299 830; x_wconf 89' lang='lat' dir='ltr'>de</span> <span class='ocrx_word' id='word_1_85' title='bbox 1331 789 1370 843; x_wconf 81' lang='lat' dir='ltr'>vj</span> <span class='ocrx_word' id='word_1_86' title='bbox 1395 787 1630 829; x_wconf 88' lang='lat' dir='ltr'>hundreth.</span> 
     </span>
     <span class='ocr_line' id='line_1_11' title="bbox 101 853 1632 908; baseline 0 -14"><span class='ocrx_word' id='word_1_87' title='bbox 101 855 185 902; x_wconf 80' lang='lat' dir='ltr'>Qui</span> <span class='ocrx_word' id='word_1_88' title='bbox 227 854 338 894; x_wconf 83' lang='lat' dir='ltr'>infra</span> <span class='ocrx_word' id='word_1_89' title='bbox 379 854 615 905; x_wconf 86' lang='lat' dir='ltr'>ecclesiam,</span> <span class='ocrx_word' id='word_1_90' title='bbox 649 855 701 894; x_wconf 90' lang='lat' dir='ltr'>de</span> <span class='ocrx_word' id='word_1_91' title='bbox 742 854 798 908; x_wconf 89' lang='lat' dir='ltr'>xij</span> <span class='ocrx_word' id='word_1_92' title='bbox 843 853 1077 894; x_wconf 91' lang='lat' dir='ltr'>hundreth.</span> <span class='ocrx_word' id='word_1_93' title='bbox 1160 854 1244 902; x_wconf 86' lang='lat' dir='ltr'>Qui</span> <span class='ocrx_word' id='word_1_94' title='bbox 1285 854 1396 894; x_wconf 85' lang='lat' dir='ltr'>infra</span> <span class='ocrx_word' id='word_1_95' title='bbox 1436 853 1632 894; x_wconf 85' lang='lat' dir='ltr'>chorum.</span> 
     </span>
     <span class='ocr_line' id='line_1_12' title="bbox 99 918 1630 972; baseline -0.001 -14"><span class='ocrx_word' id='word_1_96' title='bbox 99 919 255 958; x_wconf 86' lang='lat' dir='ltr'>amissa</span> <span class='ocrx_word' id='word_1_97' title='bbox 286 919 403 958; x_wconf 89' lang='lat' dir='ltr'>omni</span> <span class='ocrx_word' id='word_1_98' title='bbox 433 919 697 971; x_wconf 82' lang='lat' dir='ltr'>possessione</span> <span class='ocrx_word' id='word_1_99' title='bbox 730 932 821 969; x_wconf 87' lang='lat' dir='ltr'>sua,</span> <span class='ocrx_word' id='word_1_100' title='bbox 842 919 1025 971; x_wconf 86' lang='lat' dir='ltr'>corporis</span> <span class='ocrx_word' id='word_1_101' title='bbox 1058 919 1125 957; x_wconf 87' lang='lat' dir='ltr'>sui</span> <span class='ocrx_word' id='word_1_102' title='bbox 1158 918 1396 972; x_wconf 86' lang='lat' dir='ltr'>subjacebit</span> <span class='ocrx_word' id='word_1_103' title='bbox 1427 918 1630 971; x_wconf 88' lang='lat' dir='ltr'>periculo,</span> 
     </span>
     <span class='ocr_line' id='line_1_13' title="bbox 99 982 1630 1036; baseline -0.001 -14"><span class='ocrx_word' id='word_1_104' title='bbox 99 983 260 1036; x_wconf 82' lang='lat' dir='ltr'>absque</span> <span class='ocrx_word' id='word_1_105' title='bbox 301 983 419 1022; x_wconf 88' lang='lat' dir='ltr'>omni</span> <span class='ocrx_word' id='word_1_106' title='bbox 461 982 756 1022; x_wconf 80' lang='lat' dir='ltr'>satisfaccione</span> <span class='ocrx_word' id='word_1_107' title='bbox 789 983 1021 1022; x_wconf 81' lang='lat' dir='ltr'>nominatae</span> <span class='ocrx_word' id='word_1_108' title='bbox 1058 983 1265 1035; x_wconf 71' lang='lat' dir='ltr'>pecuniae.</span> <span class='ocrx_word' id='word_1_109' title='bbox 1328 982 1468 1022; x_wconf 83' lang='lat' dir='ltr'>Simili</span> <span class='ocrx_word' id='word_1_110' title='bbox 1506 982 1630 1021; x_wconf 87' lang='lat' dir='ltr'>modo</span> 
     </span>
     <span class='ocr_line' id='line_1_14' title="bbox 99 1045 1631 1086; baseline -0.001 0"><span class='ocrx_word' id='word_1_111' title='bbox 99 1060 199 1086; x_wconf 88' lang='lat' dir='ltr'>cum</span> <span class='ocrx_word' id='word_1_112' title='bbox 221 1046 372 1086; x_wconf 87' lang='lat' dir='ltr'>eadem</span> <span class='ocrx_word' id='word_1_113' title='bbox 394 1046 592 1086; x_wconf 86' lang='lat' dir='ltr'>libertate</span> <span class='ocrx_word' id='word_1_114' title='bbox 614 1046 780 1086; x_wconf 84' lang='lat' dir='ltr'>miliare</span> <span class='ocrx_word' id='word_1_115' title='bbox 802 1047 932 1086; x_wconf 89' lang='lat' dir='ltr'>unius</span> <span class='ocrx_word' id='word_1_116' title='bbox 954 1045 1084 1086; x_wconf 86' lang='lat' dir='ltr'>habet</span> <span class='ocrx_word' id='word_1_117' title='bbox 1106 1046 1217 1086; x_wconf 80' lang='lat' dir='ltr'>cirea</span> <span class='ocrx_word' id='word_1_118' title='bbox 1239 1059 1283 1086; x_wconf 91' lang='lat' dir='ltr'>se</span> <span class='ocrx_word' id='word_1_119' title='bbox 1305 1046 1483 1086; x_wconf 85' lang='lat' dir='ltr'>ecclesia</span> <span class='ocrx_word' id='word_1_120' title='bbox 1507 1045 1631 1085; x_wconf 85' lang='lat' dir='ltr'>Beati</span> 
     </span>
     <span class='ocr_line' id='line_1_15' title="bbox 101 1110 1630 1164; baseline 0 -15"><span class='ocrx_word' id='word_1_121' title='bbox 101 1110 290 1150; x_wconf 77' lang='lat' dir='ltr'>wilfridi</span> <span class='ocrx_word' id='word_1_122' title='bbox 323 1111 369 1150; x_wconf 91' lang='lat' dir='ltr'>in</span> <span class='ocrx_word' id='word_1_123' title='bbox 403 1110 576 1163; x_wconf 88' lang='lat' dir='ltr'>Ripum.</span> <span class='ocrx_word' id='word_1_124' title='bbox 638 1111 675 1150; x_wconf 95' lang='lat' dir='ltr'>A</span> <span class='ocrx_word' id='word_1_125' title='bbox 708 1110 830 1164; x_wconf 87' lang='lat' dir='ltr'>cujus</span> <span class='ocrx_word' id='word_1_126' title='bbox 864 1110 1076 1163; x_wconf 89' lang='lat' dir='ltr'>principio</span> <span class='ocrx_word' id='word_1_127' title='bbox 1109 1123 1245 1164; x_wconf 86' lang='lat' dir='ltr'>usque</span> <span class='ocrx_word' id='word_1_128' title='bbox 1281 1110 1335 1149; x_wconf 86' lang='lat' dir='ltr'>ad</span> <span class='ocrx_word' id='word_1_129' title='bbox 1368 1110 1630 1149; x_wconf 77' lang='lat' dir='ltr'>cimiterium</span> 
     </span>
     <span class='ocr_line' id='line_1_16' title="bbox 100 1173 1630 1228; baseline -0.001 -14"><span class='ocrx_word' id='word_1_130' title='bbox 100 1175 215 1227; x_wconf 87' lang='lat' dir='ltr'>pacis</span> <span class='ocrx_word' id='word_1_131' title='bbox 238 1174 414 1214; x_wconf 66' lang='lat' dir='ltr'>violator</span> <span class='ocrx_word' id='word_1_132' title='bbox 435 1188 533 1214; x_wconf 91' lang='lat' dir='ltr'>reus</span> <span class='ocrx_word' id='word_1_133' title='bbox 556 1175 639 1214; x_wconf 87' lang='lat' dir='ltr'>erit</span> <span class='ocrx_word' id='word_1_134' title='bbox 661 1175 714 1214; x_wconf 92' lang='lat' dir='ltr'>de</span> <span class='ocrx_word' id='word_1_135' title='bbox 736 1174 782 1228; x_wconf 83' lang='lat' dir='ltr'>iij</span> <span class='ocrx_word' id='word_1_136' title='bbox 808 1173 1043 1214; x_wconf 80' lang='lat' dir='ltr'>hundreth.</span> <span class='ocrx_word' id='word_1_137' title='bbox 1106 1174 1158 1213; x_wconf 88' lang='lat' dir='ltr'>In</span> <span class='ocrx_word' id='word_1_138' title='bbox 1180 1174 1408 1224; x_wconf 89' lang='lat' dir='ltr'>cimiterio,</span> <span class='ocrx_word' id='word_1_139' title='bbox 1430 1174 1483 1214; x_wconf 90' lang='lat' dir='ltr'>de</span> <span class='ocrx_word' id='word_1_140' title='bbox 1507 1173 1562 1228; x_wconf 80' lang='lat' dir='ltr'>vj,</span> <span class='ocrx_word' id='word_1_141' title='bbox 1585 1175 1630 1213; x_wconf 88' lang='lat' dir='ltr'>in</span> 
     </span>
     <span class='ocr_line' id='line_1_17' title="bbox 98 1237 799 1291; baseline -0.001 -13"><span class='ocrx_word' id='word_1_142' title='bbox 98 1237 226 1278; x_wconf 90' lang='lat' dir='ltr'>choro</span> <span class='ocrx_word' id='word_1_143' title='bbox 247 1242 297 1278; x_wconf 89' lang='lat' dir='ltr'>ut</span> <span class='ocrx_word' id='word_1_144' title='bbox 319 1238 372 1278; x_wconf 91' lang='lat' dir='ltr'>de</span> <span class='ocrx_word' id='word_1_145' title='bbox 394 1238 488 1278; x_wconf 86' lang='lat' dir='ltr'>aliis</span> <span class='ocrx_word' id='word_1_146' title='bbox 510 1239 799 1291; x_wconf 74' lang='lat' dir='ltr'>praediximus.</span> 
     </span>
    </p>

    <p class='ocr_par' dir='ltr' id='par_1_3' title="bbox 96 1301 1636 1810">
     <span class='ocr_line' id='line_1_18' title="bbox 190 1301 1630 1358; baseline 0.001 -17"><span class='ocrx_word' id='word_1_147' title='bbox 190 1302 403 1342; x_wconf 79' lang='lat' dir='ltr'>Praeterea</span> <span class='ocrx_word' id='word_1_148' title='bbox 424 1303 470 1342; x_wconf 89' lang='lat' dir='ltr'>in</span> <span class='ocrx_word' id='word_1_149' title='bbox 494 1303 632 1343; x_wconf 87' lang='lat' dir='ltr'>tribus</span> <span class='ocrx_word' id='word_1_150' title='bbox 653 1302 989 1342; x_wconf 85' lang='lat' dir='ltr'>festivitatibus¹</span> <span class='ocrx_word' id='word_1_151' title='bbox 1023 1305 1069 1342; x_wconf 93' lang='grc'>61</span> <span class='ocrx_word' id='word_1_152' title='bbox 1100 1303 1145 1342; x_wconf 84' lang='grc'>111</span> <span class='ocrx_word' id='word_1_153' title='bbox 1177 1302 1489 1343; x_wconf 74' lang='lat' dir='ltr'>Pentecosten²</span> <span class='ocrx_word' id='word_1_154' title='bbox 1509 1301 1630 1358; x_wconf 75' lang='lat' dir='ltr'>(sio),</span> 
     </span>
     <span class='ocr_line' id='line_1_19' title="bbox 101 1366 1630 1421; baseline 0.001 -14"><span class='ocrx_word' id='word_1_155' title='bbox 101 1381 250 1421; x_wconf 84' lang='lat' dir='ltr'>pacem</span> <span class='ocrx_word' id='word_1_156' title='bbox 281 1366 439 1407; x_wconf 88' lang='lat' dir='ltr'>habent</span> <span class='ocrx_word' id='word_1_157' title='bbox 472 1382 620 1408; x_wconf 86' lang='lat' dir='ltr'>omnes</span> <span class='ocrx_word' id='word_1_158' title='bbox 651 1368 705 1408; x_wconf 90' lang='lat' dir='ltr'>ad</span> <span class='ocrx_word' id='word_1_159' title='bbox 737 1367 826 1408; x_wconf 84' lang='lat' dir='ltr'>haec</span> <span class='ocrx_word' id='word_1_160' title='bbox 858 1368 968 1407; x_wconf 85' lang='lat' dir='ltr'>festa</span> <span class='ocrx_word' id='word_1_161' title='bbox 989 1369 1226 1419; x_wconf 75' lang='lat' dir='ltr'>venientes,</span> <span class='ocrx_word' id='word_1_162' title='bbox 1258 1382 1281 1408; x_wconf 84' lang='lat' dir='ltr'>a</span> <span class='ocrx_word' id='word_1_163' title='bbox 1312 1369 1510 1409; x_wconf 83' lang='lat' dir='ltr'>domibus</span> <span class='ocrx_word' id='word_1_164' title='bbox 1544 1370 1630 1408; x_wconf 82' lang='lat' dir='ltr'>suis</span> 
     </span>
     <span class='ocr_line' id='line_1_20' title="bbox 102 1432 1633 1487; baseline 0.001 -15"><span class='ocrx_word' id='word_1_165' title='bbox 102 1432 242 1472; x_wconf 89' lang='lat' dir='ltr'>eundo</span> <span class='ocrx_word' id='word_1_166' title='bbox 259 1436 301 1472; x_wconf 89' lang='lat' dir='ltr'>et</span> <span class='ocrx_word' id='word_1_167' title='bbox 321 1432 554 1482; x_wconf 86' lang='lat' dir='ltr'>redeundo,</span> <span class='ocrx_word' id='word_1_168' title='bbox 571 1435 615 1472; x_wconf 90' lang='lat' dir='ltr'>et</span> <span class='ocrx_word' id='word_1_169' title='bbox 638 1433 673 1471; x_wconf 87' lang='lat' dir='ltr'>si</span> <span class='ocrx_word' id='word_1_170' title='bbox 694 1433 790 1486; x_wconf 89' lang='lat' dir='ltr'>quis</span> <span class='ocrx_word' id='word_1_171' title='bbox 818 1446 945 1486; x_wconf 88' lang='lat' dir='ltr'>super</span> <span class='ocrx_word' id='word_1_172' title='bbox 967 1445 1037 1472; x_wconf 89' lang='lat' dir='ltr'>eos</span> <span class='ocrx_word' id='word_1_173' title='bbox 1058 1446 1207 1485; x_wconf 88' lang='lat' dir='ltr'>pacem</span> <span class='ocrx_word' id='word_1_174' title='bbox 1228 1432 1405 1487; x_wconf 76' lang='lat' dir='ltr'>fregerit</span> <span class='ocrx_word' id='word_1_175' title='bbox 1429 1447 1526 1473; x_wconf 83' lang='lat' dir='ltr'>reus</span> <span class='ocrx_word' id='word_1_176' title='bbox 1549 1435 1633 1474; x_wconf 79' lang='lat' dir='ltr'>erit</span> 
     </span>
     <span class='ocr_line' id='line_1_21' title="bbox 96 1495 1634 1551; baseline 0.002 -16"><span class='ocrx_word' id='word_1_177' title='bbox 96 1495 114 1550; x_wconf 89' lang='lat' dir='ltr'><strong>j</strong></span> <span class='ocrx_word' id='word_1_178' title='bbox 140 1495 374 1536; x_wconf 86' lang='lat' dir='ltr'>hundreth.</span> <span class='ocrx_word' id='word_1_179' title='bbox 421 1496 629 1537; x_wconf 81' lang='lat' dir='ltr'>Similiter</span> <span class='ocrx_word' id='word_1_180' title='bbox 650 1497 697 1536; x_wconf 91' lang='lat' dir='ltr'>in</span> <span class='ocrx_word' id='word_1_181' title='bbox 718 1496 807 1536; x_wconf 89' lang='lat' dir='ltr'>feto</span> <span class='ocrx_word' id='word_1_182' title='bbox 829 1495 935 1551; x_wconf 71' lang='lat' dir='ltr'>(sic)</span> <span class='ocrx_word' id='word_1_183' title='bbox 957 1495 1105 1537; x_wconf 81' lang='lat' dir='ltr'>Sancti</span> <span class='ocrx_word' id='word_1_184' title='bbox 1127 1495 1336 1537; x_wconf 88' lang='lat' dir='ltr'>Johannis</span> <span class='ocrx_word' id='word_1_185' title='bbox 1359 1498 1566 1551; x_wconf 72' lang='lat' dir='ltr'>Baptistae</span> <span class='ocrx_word' id='word_1_186' title='bbox 1589 1502 1634 1538; x_wconf 85' lang='lat' dir='ltr'>et</span> 
     </span>
     <span class='ocr_line' id='line_1_22' title="bbox 103 1559 1635 1615; baseline 0.001 -15"><span class='ocrx_word' id='word_1_187' title='bbox 103 1560 228 1600; x_wconf 82' lang='lat' dir='ltr'>Beati</span> <span class='ocrx_word' id='word_1_188' title='bbox 249 1560 276 1600; x_wconf 86' lang='lat' dir='ltr'>J</span> <span class='ocrx_word' id='word_1_189' title='bbox 278 1559 458 1600; x_wconf 85' lang='lat' dir='ltr'>ohannis</span> <span class='ocrx_word' id='word_1_190' title='bbox 481 1559 757 1611; x_wconf 81' lang='lat' dir='ltr'>ConfessoriS,</span> <span class='ocrx_word' id='word_1_191' title='bbox 772 1564 816 1600; x_wconf 87' lang='lat' dir='ltr'>et</span> <span class='ocrx_word' id='word_1_192' title='bbox 829 1561 1124 1601; x_wconf 88' lang='lat' dir='ltr'>Dedicacionis</span> <span class='ocrx_word' id='word_1_193' title='bbox 1142 1561 1330 1601; x_wconf 79' lang='lat' dir='ltr'>ecclesiae</span> <span class='ocrx_word' id='word_1_194' title='bbox 1347 1562 1460 1615; x_wconf 84' lang='lat' dir='ltr'>apud</span> <span class='ocrx_word' id='word_1_195' title='bbox 1478 1562 1635 1602; x_wconf 52' lang='grc'>136161·-</span> 
     </span>
     <span class='ocr_line' id='line_1_23' title="bbox 103 1623 1636 1675; baseline 0.002 -12"><span class='ocrx_word' id='word_1_196' title='bbox 103 1623 257 1675; x_wconf 88' lang='lat' dir='ltr'>lacum,</span> <span class='ocrx_word' id='word_1_197' title='bbox 284 1624 433 1664; x_wconf 91' lang='lat' dir='ltr'>eodem</span> <span class='ocrx_word' id='word_1_198' title='bbox 461 1625 587 1665; x_wconf 88' lang='lat' dir='ltr'>modo</span> <span class='ocrx_word' id='word_1_199' title='bbox 619 1625 666 1664; x_wconf 89' lang='lat' dir='ltr'>in</span> <span class='ocrx_word' id='word_1_200' title='bbox 699 1624 866 1665; x_wconf 88' lang='lat' dir='ltr'>duobus</span> <span class='ocrx_word' id='word_1_201' title='bbox 900 1624 1211 1665; x_wconf 77' lang='lat' dir='ltr'>festivitatibus</span> <span class='ocrx_word' id='word_1_202' title='bbox 1240 1624 1384 1665; x_wconf 83' lang='lat' dir='ltr'>Sancti</span> <span class='ocrx_word' id='word_1_203' title='bbox 1417 1626 1636 1666; x_wconf 76' lang='lat' dir='ltr'>Wilfridi³</span> 
     </span>
     <span class='ocr_line' id='line_1_24' title="bbox 102 1688 1634 1745; baseline 0.002 -17"><span class='ocrx_word' id='word_1_204' title='bbox 102 1703 252 1742; x_wconf 87' lang='lat' dir='ltr'>pacem</span> <span class='ocrx_word' id='word_1_205' title='bbox 273 1688 432 1729; x_wconf 84' lang='lat' dir='ltr'>habent</span> <span class='ocrx_word' id='word_1_206' title='bbox 453 1692 605 1730; x_wconf 87' lang='lat' dir='ltr'>euntes</span> <span class='ocrx_word' id='word_1_207' title='bbox 627 1693 671 1729; x_wconf 86' lang='lat' dir='ltr'>et</span> <span class='ocrx_word' id='word_1_208' title='bbox 693 1690 941 1740; x_wconf 86' lang='lat' dir='ltr'>redeuntes,</span> <span class='ocrx_word' id='word_1_209' title='bbox 964 1694 1010 1729; x_wconf 81' lang='lat' dir='ltr'>et</span> <span class='ocrx_word' id='word_1_210' title='bbox 1030 1690 1105 1743; x_wconf 88' lang='lat' dir='ltr'>qui</span> <span class='ocrx_word' id='word_1_211' title='bbox 1128 1703 1221 1730; x_wconf 90' lang='lat' dir='ltr'>eam</span> <span class='ocrx_word' id='word_1_212' title='bbox 1243 1691 1419 1730; x_wconf 88' lang='lat' dir='ltr'>interim</span> <span class='ocrx_word' id='word_1_213' title='bbox 1441 1690 1634 1745; x_wconf 83' lang='lat' dir='ltr'>fregerit,</span> 
     </span>
     <span class='ocr_line' id='line_1_25' title="bbox 102 1753 1635 1810; baseline 0.002 -18"><span class='ocrx_word' id='word_1_214' title='bbox 102 1766 238 1807; x_wconf 88' lang='lat' dir='ltr'>usque</span> <span class='ocrx_word' id='word_1_215' title='bbox 259 1753 312 1792; x_wconf 87' lang='lat' dir='ltr'>ad</span> <span class='ocrx_word' id='word_1_216' title='bbox 333 1753 498 1793; x_wconf 88' lang='lat' dir='ltr'>miliare</span> <span class='ocrx_word' id='word_1_217' title='bbox 520 1754 732 1794; x_wconf 82' lang='lat' dir='ltr'>veniendo</span> <span class='ocrx_word' id='word_1_218' title='bbox 763 1757 808 1794; x_wconf 80' lang='lat' dir='ltr'>et</span> <span class='ocrx_word' id='word_1_219' title='bbox 829 1767 854 1794; x_wconf 86' lang='lat' dir='ltr'>a</span> <span class='ocrx_word' id='word_1_220' title='bbox 874 1753 1032 1794; x_wconf 85' lang='lat' dir='ltr'>miliari</span> <span class='ocrx_word' id='word_1_221' title='bbox 1064 1753 1285 1794; x_wconf 90' lang='lat' dir='ltr'>redeundo</span> <span class='ocrx_word' id='word_1_222' title='bbox 1316 1768 1413 1795; x_wconf 86' lang='lat' dir='ltr'>reus</span> <span class='ocrx_word' id='word_1_223' title='bbox 1446 1756 1529 1795; x_wconf 87' lang='lat' dir='ltr'>erit</span> <span class='ocrx_word' id='word_1_224' title='bbox 1560 1770 1635 1810; x_wconf 86' lang='lat' dir='ltr'>pro</span> 
     </span>
    </p>
   </div>
   <div class='ocr_carea' id='block_1_3' title="bbox 102 1796 1553 1879">
    <p class='ocr_par' dir='ltr' id='par_1_4' title="bbox 102 1796 1553 1879">
     <span class='ocr_line' id='line_1_26' title="bbox 102 1796 1553 1879; baseline 0.004 -23"><span class='ocrx_word' id='word_1_225' title='bbox 102 1830 204 1871; x_wconf 87' lang='lat' dir='ltr'>pace</span> <span class='ocrx_word' id='word_1_226' title='bbox 225 1816 360 1857; x_wconf 85' lang='lat' dir='ltr'>fracta</span> <span class='ocrx_word' id='word_1_227' title='bbox 380 1817 433 1857; x_wconf 89' lang='lat' dir='ltr'>de</span> <span class='ocrx_word' id='word_1_228' title='bbox 449 1816 467 1872; x_wconf 85' lang='lat' dir='ltr'><strong>j</strong></span> <span class='ocrx_word' id='word_1_229' title='bbox 491 1816 727 1859; x_wconf 78' lang='lat' dir='ltr'>hundreth,</span> <span class='ocrx_word' id='word_1_230' title='bbox 1133 1796 1553 1879; x_wconf 57' lang='lat'>1307800</span> 
     </span>
    </p>
   </div>
   <div class='ocr_carea' id='block_1_4' title="bbox 332 1946 1417 2070">
    <p class='ocr_par' dir='ltr' id='par_1_5' title="bbox 332 1946 1417 2070">
     <span class='ocr_line' id='line_1_27' title="bbox 420 1946 1323 1991; baseline 0.001 -11"><span class='ocrx_word' id='word_1_231' title='bbox 420 1946 643 1991; x_wconf 77' lang='lat' dir='ltr'>EADRED,</span> <span class='ocrx_word' id='word_1_232' title='bbox 675 1946 804 1981; x_wconf 83' lang='lat' dir='ltr'>KING</span> <span class='ocrx_word' id='word_1_233' title='bbox 837 1946 899 1981; x_wconf 89' lang='lat' dir='ltr'>OF</span> <span class='ocrx_word' id='word_1_234' title='bbox 932 1946 1323 1981; x_wconf 79' lang='lat' dir='ltr'>NORTHUMBRIA.</span> 
     </span>
     <span class='ocr_line' id='line_1_28' title="bbox 332 2022 1417 2070; baseline 0.002 -13"><span class='ocrx_word' id='word_1_235' title='bbox 332 2022 426 2058; x_wconf 77' lang='lat' dir='ltr'>Snt.</span> <span class='ocrx_word' id='word_1_236' title='bbox 453 2023 646 2067; x_wconf 67' lang='lat' dir='ltr'>DUNELM„</span> <span class='ocrx_word' id='word_1_237' title='bbox 665 2023 762 2058; x_wconf 74' lang='lat' dir='ltr'>Hist.</span> <span class='ocrx_word' id='word_1_238' title='bbox 781 2024 930 2068; x_wconf 62' lang='lat' dir='ltr'>Bessum,</span> <span class='ocrx_word' id='word_1_239' title='bbox 948 2022 1046 2058; x_wconf 80' lang='lat' dir='ltr'>Surt.</span> <span class='ocrx_word' id='word_1_240' title='bbox 1065 2022 1144 2058; x_wconf 88' lang='lat' dir='ltr'>Soc.</span> <span class='ocrx_word' id='word_1_241' title='bbox 1164 2023 1233 2058; x_wconf 83' lang='lat' dir='ltr'>vol.</span> <span class='ocrx_word' id='word_1_242' title='bbox 1252 2024 1289 2059; x_wconf 87' lang='lat' dir='ltr'>li.</span> <span class='ocrx_word' id='word_1_243' title='bbox 1307 2036 1340 2070; x_wconf 88' lang='lat' dir='ltr'>p.</span> <span class='ocrx_word' id='word_1_244' title='bbox 1360 2025 1417 2059; x_wconf 81' lang='lat'>65.</span> 
     </span>
    </p>
   </div>
   <div class='ocr_carea' id='block_1_5' title="bbox 101 2094 1637 2404">
    <p class='ocr_par' dir='ltr' id='par_1_6' title="bbox 101 2094 1637 2404">
     <span class='ocr_line' id='line_1_29' title="bbox 194 2094 1636 2137; baseline 0.003 -4"><span class='ocrx_word' id='word_1_245' title='bbox 194 2094 320 2133; x_wconf 91' lang='lat' dir='ltr'>Anno</span> <span class='ocrx_word' id='word_1_246' title='bbox 361 2104 634 2134; x_wconf 79' lang='lat' dir='ltr'>DCCCCXLVIII</span> <span class='ocrx_word' id='word_1_247' title='bbox 676 2094 932 2134; x_wconf 89' lang='lat' dir='ltr'>Edmundus</span> <span class='ocrx_word' id='word_1_248' title='bbox 974 2108 1047 2134; x_wconf 84' lang='lat' dir='ltr'>rex</span> <span class='ocrx_word' id='word_1_249' title='bbox 1097 2095 1260 2134; x_wconf 85' lang='lat' dir='ltr'>occisus</span> <span class='ocrx_word' id='word_1_250' title='bbox 1301 2099 1369 2135; x_wconf 85' lang='lat' dir='ltr'>est</span> <span class='ocrx_word' id='word_1_251' title='bbox 1419 2099 1464 2135; x_wconf 90' lang='lat' dir='ltr'>et</span> <span class='ocrx_word' id='word_1_252' title='bbox 1505 2096 1636 2137; x_wconf 83' lang='lat' dir='ltr'>frater</span> 
     </span>
     <span class='ocr_line' id='line_1_30' title="bbox 107 2157 1635 2214; baseline 0.003 -17"><span class='ocrx_word' id='word_1_253' title='bbox 107 2157 200 2211; x_wconf 88' lang='lat' dir='ltr'>ejus</span> <span class='ocrx_word' id='word_1_254' title='bbox 241 2158 435 2198; x_wconf 89' lang='lat' dir='ltr'>Edredus</span> <span class='ocrx_word' id='word_1_255' title='bbox 477 2172 659 2212; x_wconf 88' lang='lat' dir='ltr'>regnum</span> <span class='ocrx_word' id='word_1_256' title='bbox 701 2158 904 2212; x_wconf 85' lang='lat' dir='ltr'>suscepit,</span> <span class='ocrx_word' id='word_1_257' title='bbox 945 2158 1086 2198; x_wconf 88' lang='lat' dir='ltr'>cultor</span> <span class='ocrx_word' id='word_1_258' title='bbox 1129 2159 1316 2212; x_wconf 73' lang='lat' dir='ltr'>justitiae</span> <span class='ocrx_word' id='word_1_259' title='bbox 1358 2163 1403 2199; x_wconf 89' lang='lat' dir='ltr'>et</span> <span class='ocrx_word' id='word_1_260' title='bbox 1448 2162 1635 2214; x_wconf 72' lang='lat' dir='ltr'>pietatis.</span> 
     </span>
     <span class='ocr_line' id='line_1_31' title="bbox 107 2221 1637 2279; baseline 0.003 -18"><span class='ocrx_word' id='word_1_261' title='bbox 107 2221 295 2276; x_wconf 80' lang='lat' dir='ltr'>Moxque</span> <span class='ocrx_word' id='word_1_262' title='bbox 345 2221 702 2262; x_wconf 87' lang='lat' dir='ltr'>Northumbriam</span> <span class='ocrx_word' id='word_1_263' title='bbox 744 2223 953 2263; x_wconf 84' lang='lat' dir='ltr'>circuiens</span> <span class='ocrx_word' id='word_1_264' title='bbox 995 2226 1134 2263; x_wconf 88' lang='lat' dir='ltr'>totam</span> <span class='ocrx_word' id='word_1_265' title='bbox 1176 2224 1381 2277; x_wconf 84' lang='lat' dir='ltr'>possedit,</span> <span class='ocrx_word' id='word_1_266' title='bbox 1425 2226 1498 2264; x_wconf 87' lang='lat' dir='ltr'>sed</span> <span class='ocrx_word' id='word_1_267' title='bbox 1540 2232 1637 2279; x_wconf 69' lang='lat' dir='ltr'>post</span> 
     </span>
     <span class='ocr_line' id='line_1_32' title="bbox 101 2284 1636 2341; baseline 0.003 -16"><span class='ocrx_word' id='word_1_268' title='bbox 101 2284 291 2338; x_wconf 85' lang='lat' dir='ltr'>juratam</span> <span class='ocrx_word' id='word_1_269' title='bbox 342 2287 383 2327; x_wconf 92' lang='lat' dir='ltr'>ei</span> <span class='ocrx_word' id='word_1_270' title='bbox 429 2287 686 2327; x_wconf 87' lang='lat' dir='ltr'>fidelitatem</span> <span class='ocrx_word' id='word_1_271' title='bbox 739 2286 1131 2341; x_wconf 69' lang='lat' dir='ltr'>Northymbrenses</span> <span class='ocrx_word' id='word_1_272' title='bbox 1180 2288 1397 2341; x_wconf 84' lang='lat' dir='ltr'>quendam</span> <span class='ocrx_word' id='word_1_273' title='bbox 1449 2289 1636 2341; x_wconf 86' lang='lat' dir='ltr'>Dauum,</span> 
     </span>
     <span class='ocr_line' id='line_1_33' title="bbox 108 2349 770 2404; baseline 0 -14"><span class='ocrx_word' id='word_1_274' title='bbox 108 2349 312 2401; x_wconf 86' lang='lat' dir='ltr'>Eiricum,</span> <span class='ocrx_word' id='word_1_275' title='bbox 334 2350 587 2404; x_wconf 84' lang='lat' dir='ltr'>praefaciunt</span> <span class='ocrx_word' id='word_1_276' title='bbox 608 2364 770 2404; x_wconf 86' lang='lat' dir='ltr'>regem.</span> 
     </span>
    </p>
   </div>
   <div class='ocr_carea' id='block_1_6' title="bbox 413 2449 1326 2497">
    <p class='ocr_par' dir='ltr' id='par_1_7' title="bbox 413 2449 1326 2497">
     <span class='ocr_line' id='line_1_34' title="bbox 413 2449 1326 2497; baseline 0.002 -13"><span class='ocrx_word' id='word_1_277' title='bbox 413 2449 507 2484; x_wconf 75' lang='lat' dir='ltr'>SYM.</span> <span class='ocrx_word' id='word_1_278' title='bbox 528 2450 719 2493; x_wconf 54' lang='lat' dir='ltr'>DUNELM„</span> <span class='ocrx_word' id='word_1_279' title='bbox 738 2449 909 2484; x_wconf 73' lang='lat' dir='ltr'>Historice</span> <span class='ocrx_word' id='word_1_280' title='bbox 926 2450 1198 2495; x_wconf 74' lang='lat' dir='ltr'>Recapitulatio,</span> <span class='ocrx_word' id='word_1_281' title='bbox 1216 2462 1250 2497; x_wconf 91' lang='lat' dir='ltr'>p.</span> <span class='ocrx_word' id='word_1_282' title='bbox 1270 2450 1326 2486; x_wconf 81' lang='grc'>77.</span> 
     </span>
    </p>
   </div>
   <div class='ocr_carea' id='block_1_7' title="bbox 107 2520 1635 2640">
    <p class='ocr_par' dir='ltr' id='par_1_8' title="bbox 107 2520 1635 2640">
     <span class='ocr_line' id='line_1_35' title="bbox 193 2520 1635 2579; baseline 0.003 -20"><span class='ocrx_word' id='word_1_283' title='bbox 193 2520 318 2560; x_wconf 89' lang='lat' dir='ltr'>Anno</span> <span class='ocrx_word' id='word_1_284' title='bbox 368 2530 610 2560; x_wconf 78' lang='lat' dir='ltr'>DCCCCXLIX</span> <span class='ocrx_word' id='word_1_285' title='bbox 655 2520 892 2571; x_wconf 77' lang='lat' dir='ltr'>Wlstanus,</span> <span class='ocrx_word' id='word_1_286' title='bbox 945 2520 1224 2562; x_wconf 88' lang='lat' dir='ltr'>Eboraceusis</span> <span class='ocrx_word' id='word_1_287' title='bbox 1274 2522 1635 2579; x_wconf 66' lang='lat' dir='ltr'>archiepiscopus,</span> 
     </span>
     <span class='ocr_line' id='line_1_36' title="bbox 107 2584 1633 2640; baseline 0.004 -16"><span class='ocrx_word' id='word_1_288' title='bbox 107 2597 385 2638; x_wconf 84' lang='lat' dir='ltr'>proceresque</span> <span class='ocrx_word' id='word_1_289' title='bbox 407 2584 796 2638; x_wconf 82' lang='lat' dir='ltr'>Northymbrenses</span> <span class='ocrx_word' id='word_1_290' title='bbox 819 2599 967 2625; x_wconf 88' lang='lat' dir='ltr'>omnes</span> <span class='ocrx_word' id='word_1_291' title='bbox 998 2586 1044 2625; x_wconf 88' lang='lat' dir='ltr'>in</span> <span class='ocrx_word' id='word_1_292' title='bbox 1076 2587 1176 2626; x_wconf 78' lang='lat' dir='ltr'>villa</span> <span class='ocrx_word' id='word_1_293' title='bbox 1207 2602 1302 2640; x_wconf 73' lang='lat' dir='ltr'>quae</span> <span class='ocrx_word' id='word_1_294' title='bbox 1333 2588 1492 2629; x_wconf 87' lang='lat' dir='ltr'>dicitur</span> <span class='ocrx_word' id='word_1_295' title='bbox 1523 2591 1633 2631; x_wconf 84' lang='lat' dir='ltr'>Tad-</span> 
     </span>
    </p>
   </div>
   <div class='ocr_carea' id='block_1_8' title="bbox 109 2664 1635 3015">
    <p class='ocr_par' dir='ltr' id='par_1_9' title="bbox 109 2664 1635 3015">
     <span class='ocr_line' id='line_1_37' title="bbox 181 2664 1592 2715; baseline 0.004 -17"><span class='ocrx_word' id='word_1_296' title='bbox 181 2665 238 2708; x_wconf 80' lang='lat'>(1)</span> <span class='ocrx_word' id='word_1_297' title='bbox 266 2665 490 2711; x_wconf 80' lang='lat' dir='ltr'>Apparently</span> <span class='ocrx_word' id='word_1_298' title='bbox 507 2664 610 2699; x_wconf 83' lang='lat' dir='ltr'>those</span> <span class='ocrx_word' id='word_1_299' title='bbox 629 2664 670 2698; x_wconf 86' lang='lat' dir='ltr'>of</span> <span class='ocrx_word' id='word_1_300' title='bbox 691 2664 831 2707; x_wconf 82' lang='lat' dir='ltr'>Easter‚</span> <span class='ocrx_word' id='word_1_301' title='bbox 850 2665 1054 2708; x_wconf 75' lang='lat' dir='ltr'>pentecost,</span> <span class='ocrx_word' id='word_1_302' title='bbox 1073 2667 1143 2700; x_wconf 82' lang='lat' dir='ltr'>and</span> <span class='ocrx_word' id='word_1_303' title='bbox 1162 2666 1215 2701; x_wconf 83' lang='lat' dir='ltr'>St.</span> <span class='ocrx_word' id='word_1_304' title='bbox 1235 2667 1351 2702; x_wconf 84' lang='lat' dir='ltr'>Peter.</span> <span class='ocrx_word' id='word_1_305' title='bbox 1402 2669 1468 2703; x_wconf 85' lang='lat' dir='ltr'>See</span> <span class='ocrx_word' id='word_1_306' title='bbox 1486 2681 1518 2715; x_wconf 91' lang='lat' dir='ltr'>p.</span> <span class='ocrx_word' id='word_1_307' title='bbox 1537 2671 1592 2705; x_wconf 76' lang='lat'>34.</span> 
     </span>
     <span class='ocr_line' id='line_1_38' title="bbox 181 2716 1632 2767; baseline 0.005 -18"><span class='ocrx_word' id='word_1_308' title='bbox 181 2717 237 2761; x_wconf 79' lang='lat'>(2)</span> <span class='ocrx_word' id='word_1_309' title='bbox 266 2718 326 2750; x_wconf 86' lang='lat' dir='ltr'>An</span> <span class='ocrx_word' id='word_1_310' title='bbox 345 2716 582 2752; x_wconf 81' lang='lat' dir='ltr'>indeclinable</span> <span class='ocrx_word' id='word_1_311' title='bbox 600 2717 692 2751; x_wconf 89' lang='lat' dir='ltr'>form</span> <span class='ocrx_word' id='word_1_312' title='bbox 709 2716 749 2750; x_wconf 89' lang='lat' dir='ltr'>of</span> <span class='ocrx_word' id='word_1_313' title='bbox 769 2717 831 2752; x_wconf 88' lang='lat' dir='ltr'>the</span> <span class='ocrx_word' id='word_1_314' title='bbox 849 2718 952 2752; x_wconf 82' lang='lat' dir='ltr'>usual</span> <span class='ocrx_word' id='word_1_315' title='bbox 969 2719 1070 2752; x_wconf 80' lang='lat' dir='ltr'>word</span> <span class='ocrx_word' id='word_1_316' title='bbox 1089 2719 1310 2753; x_wconf 82' lang='lat' dir='ltr'>Pentecoste.</span> <span class='ocrx_word' id='word_1_317' title='bbox 1362 2719 1427 2754; x_wconf 85' lang='lat' dir='ltr'>See</span> <span class='ocrx_word' id='word_1_318' title='bbox 1451 2722 1632 2767; x_wconf 59' lang='lat' dir='ltr'>Ducango.</span> 
     </span>
     <span class='ocr_line' id='line_1_39' title="bbox 181 2769 1634 2817; baseline 0.005 -15"><span class='ocrx_word' id='word_1_319' title='bbox 181 2769 237 2813; x_wconf 87' lang='lat'>(3)</span> <span class='ocrx_word' id='word_1_320' title='bbox 265 2769 378 2803; x_wconf 86' lang='lat' dir='ltr'>There</span> <span class='ocrx_word' id='word_1_321' title='bbox 402 2781 497 2803; x_wconf 82' lang='lat' dir='ltr'>were</span> <span class='ocrx_word' id='word_1_322' title='bbox 522 2769 623 2804; x_wconf 85' lang='lat' dir='ltr'>three</span> <span class='ocrx_word' id='word_1_323' title='bbox 648 2769 758 2804; x_wconf 82' lang='lat' dir='ltr'>feasts</span> <span class='ocrx_word' id='word_1_324' title='bbox 782 2769 823 2804; x_wconf 90' lang='lat' dir='ltr'>of</span> <span class='ocrx_word' id='word_1_325' title='bbox 847 2770 899 2804; x_wconf 81' lang='lat' dir='ltr'>St.</span> <span class='ocrx_word' id='word_1_326' title='bbox 930 2770 1092 2813; x_wconf 78' lang='lat' dir='ltr'>Wilfrid,</span> <span class='ocrx_word' id='word_1_327' title='bbox 1121 2771 1276 2817; x_wconf 69' lang='lat' dir='ltr'>namoly,</span> <span class='ocrx_word' id='word_1_328' title='bbox 1306 2772 1367 2806; x_wconf 89' lang='lat' dir='ltr'>the</span> <span class='ocrx_word' id='word_1_329' title='bbox 1395 2774 1634 2813; x_wconf 69' lang='lat' dir='ltr'>Translatiou.</span> 
     </span>
     <span class='ocr_line' id='line_1_40' title="bbox 109 2821 1634 2869; baseline 0.005 -14"><span class='ocrx_word' id='word_1_330' title='bbox 109 2821 198 2866; x_wconf 83' lang='lat' dir='ltr'>Apr.</span> <span class='ocrx_word' id='word_1_331' title='bbox 224 2822 282 2864; x_wconf 81' lang='lat'>24,</span> <span class='ocrx_word' id='word_1_332' title='bbox 308 2822 368 2856; x_wconf 86' lang='lat' dir='ltr'>the</span> <span class='ocrx_word' id='word_1_333' title='bbox 384 2822 566 2867; x_wconf 68' lang='lat' dir='ltr'>Nativity,</span> <span class='ocrx_word' id='word_1_334' title='bbox 585 2822 640 2866; x_wconf 85' lang='lat' dir='ltr'>(in</span> <span class='ocrx_word' id='word_1_335' title='bbox 657 2822 719 2856; x_wconf 83' lang='lat' dir='ltr'>the</span> <span class='ocrx_word' id='word_1_336' title='bbox 735 2822 853 2868; x_wconf 78' lang='lat' dir='ltr'>parish</span> <span class='ocrx_word' id='word_1_337' title='bbox 871 2823 911 2857; x_wconf 81' lang='lat' dir='ltr'>of</span> <span class='ocrx_word' id='word_1_338' title='bbox 924 2823 1060 2869; x_wconf 79' lang='lat' dir='ltr'>Ripon)</span> <span class='ocrx_word' id='word_1_339' title='bbox 1080 2823 1228 2869; x_wconf 75' lang='lat' dir='ltr'>Suuday</span> <span class='ocrx_word' id='word_1_340' title='bbox 1247 2824 1338 2858; x_wconf 71' lang='lat' dir='ltr'>after</span> <span class='ocrx_word' id='word_1_341' title='bbox 1357 2825 1523 2861; x_wconf 78' lang='lat' dir='ltr'>Laminas</span> <span class='ocrx_word' id='word_1_342' title='bbox 1543 2828 1634 2869; x_wconf 68' lang='lat' dir='ltr'>Dav,</span> 
     </span>
     <span class='ocr_line' id='line_1_41' title="bbox 111 2867 1635 2923; baseline 0.006 -17"><span class='ocrx_word' id='word_1_343' title='bbox 111 2873 179 2906; x_wconf 83' lang='lat' dir='ltr'>and</span> <span class='ocrx_word' id='word_1_344' title='bbox 196 2873 257 2907; x_wconf 83' lang='lat' dir='ltr'>the</span> <span class='ocrx_word' id='word_1_345' title='bbox 274 2877 283 2892; x_wconf 90' lang='lat'><em>‘</em></span> <span class='ocrx_word' id='word_1_346' title='bbox 298 2874 503 2920; x_wconf 77' lang='lat' dir='ltr'>Depositio,&#39;</span> <span class='ocrx_word' id='word_1_347' title='bbox 520 2886 560 2907; x_wconf 81' lang='lat' dir='ltr'>or</span> <span class='ocrx_word' id='word_1_348' title='bbox 580 2875 701 2920; x_wconf 77' lang='lat' dir='ltr'>laying</span> <span class='ocrx_word' id='word_1_349' title='bbox 717 2875 823 2909; x_wconf 82' lang='lat' dir='ltr'>down</span> <span class='ocrx_word' id='word_1_350' title='bbox 841 2875 882 2909; x_wconf 82' lang='lat' dir='ltr'>of</span> <span class='ocrx_word' id='word_1_351' title='bbox 903 2876 963 2909; x_wconf 89' lang='lat' dir='ltr'>the</span> <span class='ocrx_word' id='word_1_352' title='bbox 989 2875 1125 2910; x_wconf 72' lang='lat' dir='ltr'>burden</span> <span class='ocrx_word' id='word_1_353' title='bbox 1145 2876 1185 2910; x_wconf 84' lang='lat' dir='ltr'>os</span> <span class='ocrx_word' id='word_1_354' title='bbox 1208 2877 1267 2911; x_wconf 88' lang='lat' dir='ltr'>the</span> <span class='ocrx_word' id='word_1_355' title='bbox 1295 2876 1395 2923; x_wconf 85' lang='lat' dir='ltr'>flesh,</span> <span class='ocrx_word' id='word_1_356' title='bbox 1413 2885 1477 2913; x_wconf 77' lang='lat' dir='ltr'>not</span> <span class='ocrx_word' id='word_1_357' title='bbox 1501 2880 1538 2914; x_wconf 89' lang='grc'>111</span> <span class='ocrx_word' id='word_1_358' title='bbox 1563 2867 1635 2916; x_wconf 66' lang='grc'>11113</span> 
     </span>
     <span class='ocr_line' id='line_1_42' title="bbox 111 2925 580 2966; baseline 0.006 -8"><span class='ocrx_word' id='word_1_359' title='bbox 111 2935 187 2958; x_wconf 76' lang='lat' dir='ltr'>case</span> <span class='ocrx_word' id='word_1_360' title='bbox 204 2925 265 2959; x_wconf 81' lang='lat' dir='ltr'>the</span> <span class='ocrx_word' id='word_1_361' title='bbox 283 2925 409 2966; x_wconf 79' lang='lat' dir='ltr'>burial,</span> <span class='ocrx_word' id='word_1_362' title='bbox 427 2928 504 2961; x_wconf 80' lang='lat' dir='ltr'>Oet.</span> <span class='ocrx_word' id='word_1_363' title='bbox 528 2928 580 2961; x_wconf 74' lang='lat'>12.</span> 
     </span>
     <span class='ocr_line' id='line_1_43' title="bbox 839 2987 901 3015; baseline 0 0"><span class='ocrx_word' id='word_1_364' title='bbox 839 2994 861 3015; x_wconf 78' lang='lat' dir='ltr'>n</span> <span class='ocrx_word' id='word_1_365' title='bbox 884 2987 901 3015; x_wconf 73' lang='lat'>2</span> 
     </span>
    </p>
   </div>
   <div class='ocr_carea' id='block_1_9' title="bbox 1804 153 1863 198">
    <p class='ocr_par' dir='ltr' id='par_1_10' title="bbox 1804 153 1863 198">
     <span class='ocr_line' id='line_1_44' title="bbox 1804 153 1844 198; textangle 90"><span class='ocrx_word' id='word_1_366' title='bbox 1804 153 1844 198; x_wconf 42' lang='lat'>0¹2:</span> 
     </span>
     <span class='ocr_line' id='line_1_45' title="bbox 1840 153 1863 198; textangle 90"><span class='ocrx_word' id='word_1_367' title='bbox 1840 153 1863 198; x_wconf 54' lang='grc' dir='ltr'>ψι</span> 
     </span>
    </p>
   </div>
   <div class='ocr_carea' id='block_1_10' title="bbox 1663 349 1843 466">
    <p class='ocr_par' dir='ltr' id='par_1_11' title="bbox 1663 349 1843 466">
     <span class='ocr_line' id='line_1_46' title="bbox 1666 349 1843 389; baseline 0.011 -11"><span class='ocrx_word' id='word_1_368' title='bbox 1666 349 1843 389; x_wconf 77' lang='lat' dir='ltr'>Sanctuary</span> 
     </span>
     <span class='ocr_line' id='line_1_47' title="bbox 1663 388 1822 418; baseline 0.006 -1"><span class='ocrx_word' id='word_1_369' title='bbox 1663 390 1697 418; x_wconf 87' lang='lat' dir='ltr'>of</span> <span class='ocrx_word' id='word_1_370' title='bbox 1710 388 1822 418; x_wconf 83' lang='lat' dir='ltr'>Bevcr-</span> 
     </span>
     <span class='ocr_line' id='line_1_48' title="bbox 1664 429 1725 466; baseline 0 -9"><span class='ocrx_word' id='word_1_371' title='bbox 1664 429 1725 466; x_wconf 79' lang='lat' dir='ltr'>ley.</span> 
     </span>
    </p>
   </div>
   <div class='ocr_carea' id='block_1_11' title="bbox 1665 988 1845 1066">
    <p class='ocr_par' dir='ltr' id='par_1_12' title="bbox 1665 988 1845 1066">
     <span class='ocr_line' id='line_1_49' title="bbox 1666 988 1845 1028; baseline 0 -10"><span class='ocrx_word' id='word_1_372' title='bbox 1666 988 1845 1028; x_wconf 72' lang='lat' dir='ltr'>Sauotuary</span> 
     </span>
     <span class='ocr_line' id='line_1_50' title="bbox 1665 1029 1821 1066; baseline 0.006 -9"><span class='ocrx_word' id='word_1_373' title='bbox 1665 1029 1699 1057; x_wconf 83' lang='lat' dir='ltr'>os</span> <span class='ocrx_word' id='word_1_374' title='bbox 1712 1029 1821 1066; x_wconf 77' lang='lat' dir='ltr'>Bipon.</span> 
     </span>
    </p>
   </div>
   <div class='ocr_carea' id='block_1_12' title="bbox 1665 1315 1846 1385">
    <p class='ocr_par' dir='ltr' id='par_1_13' title="bbox 1665 1315 1846 1385">
     <span class='ocr_line' id='line_1_51' title="bbox 1666 1315 1846 1353; baseline 0.011 -10"><span class='ocrx_word' id='word_1_375' title='bbox 1666 1315 1846 1353; x_wconf 77' lang='lat' dir='ltr'>I‘rivilcged</span> 
     </span>
     <span class='ocr_line' id='line_1_52' title="bbox 1665 1356 1768 1385; baseline 0.01 -1"><span class='ocrx_word' id='word_1_376' title='bbox 1665 1356 1768 1385; x_wconf 72' lang='lat' dir='ltr'>timos.</span> 
     </span>
    </p>
   </div>
   <div class='ocr_carea' id='block_1_13' title="bbox 1670 2114 1819 2142">
    <p class='ocr_par' dir='ltr' id='par_1_14' title="bbox 1670 2114 1819 2142">
     <span class='ocr_line' id='line_1_53' title="bbox 1670 2114 1819 2142; baseline 0 0"><span class='ocrx_word' id='word_1_377' title='bbox 1670 2121 1737 2142; x_wconf 63' lang='lat' dir='ltr'>Am.</span> <span class='ocrx_word' id='word_1_378' title='bbox 1753 2114 1819 2142; x_wconf 62' lang='lat'>918.</span> 
     </span>
    </p>
   </div>
   <div class='ocr_carea' id='block_1_14' title="bbox 1670 2170 1855 2237">
    <p class='ocr_par' dir='ltr' id='par_1_15' title="bbox 1670 2170 1855 2237">
     <span class='ocr_line' id='line_1_54' title="bbox 1671 2170 1849 2198; baseline 0.011 -2"><span class='ocrx_word' id='word_1_379' title='bbox 1671 2170 1815 2197; x_wconf 65' lang='lat' dir='ltr'>Suocossh</span> <span class='ocrx_word' id='word_1_380' title='bbox 1822 2179 1849 2198; x_wconf 71' lang='grc'>111</span> 
     </span>
     <span class='ocr_line' id='line_1_55' title="bbox 1670 2209 1855 2237; baseline 0.005 -1"><span class='ocrx_word' id='word_1_381' title='bbox 1670 2209 1703 2237; x_wconf 73' lang='lat' dir='ltr'>of</span> <span class='ocrx_word' id='word_1_382' title='bbox 1725 2209 1855 2237; x_wconf 59' lang='lat' dir='ltr'>lssffllretl.</span> 
     </span>
    </p>
   </div>
   <div class='ocr_carea' id='block_1_15' title="bbox 1673 2538 1820 2566">
    <p class='ocr_par' dir='ltr' id='par_1_16' title="bbox 1673 2538 1820 2566">
     <span class='ocr_line' id='line_1_56' title="bbox 1673 2538 1820 2566; baseline 0 -1"><span class='ocrx_word' id='word_1_383' title='bbox 1673 2546 1738 2566; x_wconf 64' lang='grc'>,1.11.</span> <span class='ocrx_word' id='word_1_384' title='bbox 1754 2538 1820 2566; x_wconf 70' lang='lat'>919.</span> 
     </span>
    </p>
   </div>
   <div class='ocr_carea' id='block_1_16' title="bbox 1669 2593 1868 2662">
    <p class='ocr_par' dir='ltr' id='par_1_17' title="bbox 1669 2593 1868 2662">
     <span class='ocr_line' id='line_1_57' title="bbox 1669 2593 1868 2631; baseline 0.005 -10"><span class='ocrx_word' id='word_1_385' title='bbox 1669 2593 1868 2631; x_wconf 61' lang='lat' dir='ltr'>Archbisliop</span> 
     </span>
     <span class='ocr_line' id='line_1_58' title="bbox 1669 2633 1815 2662; baseline 0.007 -1"><span class='ocrx_word' id='word_1_386' title='bbox 1669 2633 1815 2662; x_wconf 66' lang='lat' dir='ltr'>Wulstau</span> 
     </span>
    </p>
   </div>
  </div>
 </body>
</html>
