1915 3068
53 344 135 374 Goes
152 345 220 372 into

54 383 182 412 Ireland
197 383 243 411 for

54 423 107 452 the
122 423 195 451 sake
210 422 243 450 of

53 463 207 500 learning.

51 1173 76 1192 c.
95 1170 162 1191 ΑΛ).
175 1163 242 1192 660.

54 1217 219 1246 Alchfrith

53 1257 116 1286 had

51 1297 188 1325 founded
206 1305 222 1325 a

51 1339 232 1374 monastery

52 1378 85 1404 at
101 1375 215 1412 Ripon,

51 1546 156 1575 where
172 1546 217 1575 St.

51 1586 229 1615 Cuthberht

51 1626 243 1654 entertained

52 1673 92 1693 an
109 1664 211 1702 angel.

779 145 1053 178 MEMORIALS
1089 146 1146 179 OF
1182 145 1340 178 RIPON.

287 258 407 297 tioris
447 258 548 298 vitae
590 257 737 297 ardore
790 271 1017 297 succensus
1058 261 1138 309 est,
1180 262 1223 298 et
1264 257 1621 311 peregrinationis
1672 271 1814 298 amore

287 322 533 376 instigatus.
615 322 672 361 Et
713 322 815 375 quia
854 322 900 361 in
942 321 1151 362 Hibernia
1192 321 1486 362 scholasticam
1527 322 1815 362 eruditionem

287 388 473 441 viguisse
505 387 685 437 audivit,
718 387 850 426 etiam
888 387 1169 440 quorumdam
1207 390 1449 427 sanctorum
1480 387 1681 438 Virorum,
1704 388 1816 427 fama

285 454 500 502 narrante,
522 451 846 490 conversatione
868 451 1088 501 incitatus,
1111 455 1155 491 et
1175 452 1389 505 praecipue
1420 451 1656 491 beatissimi
1681 452 1815 504 patris

287 519 331 555 et
362 515 550 568 episcopi
582 515 776 569 Egberti,
799 516 873 568 qui
905 518 1190 569 cognomento
1223 515 1417 556 SANCTUS
1448 515 1705 563 vocabatur3
1738 529 1815 554 nec

288 593 374 619 non
408 584 451 618 et
492 579 693 619 wilberti
735 579 990 619 venerabilis
1032 580 1110 619 viri
1153 583 1197 619 et
1239 580 1467 619 sacerdotis
1503 579 1599 628 Dei,
1633 592 1815 632 quorum

287 647 471 696 uterque
493 643 546 683 ob
578 643 765 682 coelestis
797 643 947 696 patriae
978 657 1182 693 amorem,
1204 644 1345 693 domo,
1365 644 1517 696 patria,
1540 643 1813 696 cognatione-

287 721 371 761 que
405 708 570 757 relicta,
609 707 865 747 Hiberniam
908 709 1094 758 secessit,
1130 708 1277 760 ibique
1313 707 1579 747 dulcissimos
1623 720 1815 759 supernae

286 771 661 825 contemplationis
702 770 882 821 fructus,
921 771 1062 810 seculo
1097 772 1254 821 nudus,
1291 771 1381 811 Deo
1416 771 1582 824 plenus,
1625 770 1815 809 solitaria

285 835 478 887 quotidie
501 833 730 874 hauriebat
751 835 1086 874 conversatione.
1122 865 1131 875 .
1166 865 1175 874 .
1210 835 1237 875 ‚¹

581 982 919 1018 ALCHFRITH'S
946 982 1258 1018 MONASTERY
1283 982 1349 1017 AT
1376 982 1541 1018 RIPON.

757 1062 887 1106 BAEDA,
916 1063 984 1098 Vz‘t.
1004 1063 1039 1098 S.
1065 1063 1186 1097 Oatkb.
1203 1073 1277 1109 cap.
1297 1062 1355 1097 vii.

375 1134 568 1187 Cumque
589 1136 685 1187 post
706 1133 871 1186 aliquot
897 1148 1029 1173 annos
1061 1134 1153 1188 regi
1184 1133 1403 1173 Alchfrido
1434 1133 1622 1186 placeret
1652 1147 1727 1187 pro
1750 1147 1816 1174 re-

286 1199 535 1252 demptione
557 1198 712 1237 animae
745 1211 830 1237 suae
862 1197 1004 1237 locum
1036 1198 1251 1251 quendam
1283 1198 1407 1251 regni
1440 1197 1521 1247 sui,
1544 1198 1619 1250 qui
1640 1201 1816 1237 vocatur

287 1262 542 1316 Inrhypum,
565 1263 618 1302 ad
640 1262 977 1302 construendum
998 1262 1162 1302 ibidem
1182 1262 1491 1301 monasterium
1513 1262 1650 1301 Eatan
1671 1261 1816 1302 abbati

287 1328 457 1378 donare,
478 1326 638 1366 tollens
659 1326 774 1365 idem
796 1326 925 1366 abbas
939 1326 1145 1379 quosdam
1158 1340 1181 1366 e
1197 1326 1402 1366 fratribus
1419 1339 1577 1376 secum,
1591 1326 1637 1364 in
1660 1326 1816 1379 quibus

288 1395 332 1430 et
354 1390 658 1440 Cudberctum,
673 1390 867 1429 condidit
887 1390 948 1429 ibi
970 1390 1083 1443 quod
1105 1390 1333 1443 petebatur
1350 1390 1672 1440 monasterium,
1685 1393 1815 1442 atque

287 1455 465 1503 eisdem,
502 1454 657 1507 quibus
694 1457 821 1493 antea
856 1453 1048 1503 Mailros,
1083 1454 1301 1493 institutis
1333 1453 1570 1506 disciplinae
1607 1453 1815 1507 regularis

286 1518 477 1558 imbuit?
559 1517 643 1557 Ubi
683 1517 870 1557 famulus
912 1518 1086 1556 Domini
1130 1517 1395 1558 Cudberctus
1449 1517 1815 1569 suscipiendorum

286 1583 422 1622 officio
459 1581 711 1635 praepositus
747 1580 983 1634 hospitum,
1014 1581 1240 1634 probandae
1278 1595 1363 1621 suae
1396 1581 1537 1635 gratia
1572 1581 1814 1620 devotionis

285 1646 502 1701 Angelum
524 1645 699 1684 Domini
723 1658 798 1684 suo
816 1645 1049 1698 suscepisse
1065 1644 1202 1684 fertur
1219 1644 1418 1699 hospitio.
1472 1645 1629 1683 Exiens
1651 1644 1815 1683 etenim

286 1712 424 1764 primo
457 1723 584 1748 mane
618 1709 670 1749 de
707 1709 985 1748 interioribus
1020 1710 1270 1749 monasterii
1306 1709 1469 1749 aedibus
1503 1708 1557 1748 ad
1593 1707 1814 1760 hospitum

286 1774 486 1814 cellulam
527 1773 697 1812 invenit
737 1773 846 1813 inibi
897 1773 1112 1826 quendam
1164 1774 1385 1813 sedentem
1420 1773 1644 1826 juvenem,
1685 1785 1815 1825 quem

286 1838 507 1878 hominem
529 1837 745 1877 aestimans
768 1837 893 1876 solito
909 1851 1008 1876 mox
1021 1835 1303 1877 humanitatis
1324 1850 1439 1876 more
1457 1836 1658 1889 suscepit.
1701 1835 1814 1875 Nam

286 1902 478 1942 lavandis
499 1901 697 1940 manibus
719 1914 873 1953 aquam
895 1901 1030 1951 dedit,
1048 1901 1177 1954 pedes
1199 1901 1290 1954 ipse
1307 1900 1459 1950 abluit,
1476 1900 1610 1939 linteo
1623 1899 1814 1948 extersit,

285 1967 488 2007 fovendos
519 1964 743 2005 humiliter
779 1966 978 2005 manibus
1012 1979 1087 2005 suo
1118 1966 1163 2004 in
1201 1966 1298 2005 sinu
1334 1965 1586 2018 composuit,
1608 1967 1736 2016 atque
1763 1966 1815 2002 ut

285 2030 435 2070 horam
457 2030 544 2069 diei
565 2029 741 2068 tertiam
774 2029 904 2068 etiam
935 2029 1030 2069 cibo
1061 2029 1315 2069 reficiendus
1348 2031 1609 2082 expectaret,
1630 2027 1814 2081 rogavit,

285 2107 340 2133 ne
364 2094 397 2132 si
423 2093 602 2146 jejunus
634 2093 716 2131 iret
748 2091 860 2131 fame
897 2093 1056 2145 pariter
1089 2096 1133 2132 et
1167 2092 1323 2147 frigore
1360 2092 1588 2132 lassaretur
1621 2089 1814 2130 hiberno,

286 2157 475 2197 Putabat
505 2169 690 2208 namque
723 2154 943 2195 hominem
975 2159 1185 2195 nocturno
1218 2157 1374 2195 itinere
1408 2155 1538 2194 simul
1575 2157 1621 2194 et
1641 2153 1814 2193 flatibus

285 2221 504 2261 defessum
540 2220 691 2269 niveis,
729 2219 803 2258 illo
839 2220 1134 2272 requiescendi
1167 2220 1307 2273 gratia
1343 2218 1532 2259 diluculo
1565 2218 1813 2258 devertisse.

286 2285 476 2339 Negavit
497 2284 584 2333 ille,
607 2286 651 2322 et
684 2296 727 2322 se
759 2283 845 2323 cito
879 2284 1058 2334 iturum,
1081 2284 1181 2336 quia
1216 2284 1387 2337 longius
1421 2286 1533 2322 esset
1567 2282 1730 2322 mansio
1761 2282 1814 2321 ad

286 2363 415 2403 quam
432 2351 691 2402 properaret,
713 2348 947 2400 respondit.
990 2349 1048 2388 At
1063 2348 1327 2389 Cudberctus
1345 2347 1421 2387 diu
1437 2347 1625 2386 multum
1647 2359 1813 2400 rogans,

286 2414 463 2453 tandem
505 2411 775 2464 adjuratione
817 2411 963 2451 addita
1014 2412 1161 2451 Divini
1202 2411 1416 2460 Nominis,
1457 2411 1509 2450 ad
1550 2409 1814 2449 manendum

286 2478 456 2531 coegit,
501 2476 735 2528 statimque
772 2478 823 2514 ut
859 2476 1039 2528 expletis
1072 2476 1185 2516 horte
1219 2476 1358 2515 tertiae
1386 2475 1582 2527 precibus
1617 2473 1814 2513 vescendi

286 2544 458 2593 tempus
490 2539 637 2578 aderat
679 2539 876 2591 adposuit
912 2553 1116 2590 mensam,
1149 2539 1376 2579 sumendas
1409 2538 1568 2577 obtulit
1600 2550 1728 2586 escas,
1769 2540 1815 2576 et

359 2636 417 2680 (l)
446 2633 658 2668 Willibrord
684 2637 780 2667 went
797 2634 873 2668 into
903 2633 1018 2668 Frisia.
1043 2635 1079 2669 in
1098 2635 1179 2677 690,
1196 2633 1303 2678 being
1327 2633 1412 2667 then
1437 2632 1473 2667 in
1498 2632 1560 2666 the
1585 2630 1813 2676 thirty-third

288 2700 372 2733 year
389 2687 429 2721 of
451 2687 505 2720 his
530 2698 594 2731 age
623 2686 788 2730 (Alcm'm'
817 2687 902 2731 Opp.
921 2687 1020 2721 Tom.
1040 2687 1089 2721 II.
1108 2687 1176 2721 vol.
1195 2687 1217 2721 i.
1237 2699 1269 2732 p.
1292 2687 1359 2719 185
1378 2698 1411 2719 n.
1430 2685 1484 2719 ed.
1504 2683 1676 2728 Froben).
1727 2683 1814 2716 This

287 2740 385 2782 gives
402 2750 443 2772 us
462 2738 522 2771 the
539 2738 623 2772 date
637 2738 677 2771 of
690 2738 746 2771 his
763 2737 872 2780 birth,
885 2739 966 2781 and,
978 2739 1272 2784 approximately,
1286 2738 1367 2772 that
1380 2737 1420 2771 of
1433 2735 1648 2770 Alchfrith's
1663 2735 1813 2769 founda-

287 2793 361 2826 tion
380 2795 417 2825 at
442 2790 558 2835 Ripon
584 2790 639 2823 sor
668 2790 728 2824 the
755 2790 912 2825 Scottish
941 2791 1066 2825 monks
1092 2792 1173 2825 who
1199 2802 1291 2825 were
1319 2789 1498 2835 displaced
1526 2787 1579 2821 for
1598 2787 1748 2821 Wilsrid
1775 2786 1811 2820 in

288 2844 349 2877 (561
362 2870 369 2883 ‚
386 2844 471 2876 ‘not
488 2842 572 2887 long
589 2842 679 2876 after
693 2842 700 2855 ’
718 2842 778 2876 the
797 2842 950 2887 original
968 2843 1188 2877 foundation.
1240 2843 1306 2877 See
1327 2854 1358 2888 p.
1378 2841 1410 2874 4.

361 2896 417 2938 (2)
446 2894 510 2926 See
529 2894 589 2927 tho
607 2893 675 2927 last
694 2898 786 2928 note.
