1935 3151
85 134 181 180 284

85 262 258 293 Reversion

87 306 119 331 to
135 302 202 331 heir
217 302 250 331 in

86 341 209 371 default
222 341 257 371 of

87 380 180 410 issue.

93 961 273 992 Witnesses.

92 1155 172 1186 Mar.
190 1157 217 1186 9.

93 1766 162 1788 Aa).
179 1759 252 1788 1391

94 1813 178 1843 John
194 1814 259 1842 Me-

94 1853 255 1882 mersmith

94 1893 127 1920 to
141 1891 226 1920 John
240 1891 278 1921 de

95 1929 182 1958 Dene

95 1969 157 1996 and
172 1968 256 1998 John

95 2007 133 2035 dc
147 2007 234 2038 Beld.

799 129 1074 184 MEMomALs
1109 150 1167 184 or
1201 151 1358 184 RIPON.

320 261 355 301 si
391 262 616 316 contingat
649 262 786 302 dictos
827 261 1070 303 Johannem
1101 264 1147 302 et
1176 262 1358 302 Aliciam
1395 262 1487 302 sine
1518 261 1757 305 haeredibus
1791 264 1844 305 de

319 326 564 378 corporibus
585 326 818 366 eorundem
831 325 1027 379 legitime
1048 326 1279 378 procreatis
1299 325 1443 365 obiere
1458 324 1578 381 (sic),
1593 327 1706 379 quod
1719 327 1847 378 absit,

321 391 427 428 tunc
453 389 597 428 omnia
621 392 887 438 tenementa,
904 389 1057 428 terrae¹
1091 391 1137 428 et
1157 392 1294 442 prata,
1321 402 1421 428 cum
1453 390 1542 429 suis
1566 390 1847 443 pertinenciis

323 455 369 491 et
398 452 528 491 rectis
559 451 797 492 haeredibus
829 452 945 492 mei²
976 452 1155 492 Roberti
1176 452 1364 492 Jonsone
1385 453 1553 507 integre
1575 457 1848 494 revertentur

323 518 368 554 et
402 519 653 555 remaneant
688 516 1022 568 imperpetuum.
1083 516 1141 555 Et
1171 528 1252 569 ego
1283 529 1382 555 vero
1414 516 1626 556 Robertus
1659 516 1848 557 Jonsone

323 582 369 618 et
395 577 584 618 haeredes
624 579 710 619 mei
741 579 886 619 omnia
915 579 1118 632 praedicta
1148 582 1414 630 tenementa,
1451 583 1600 630 terras,
1632 583 1677 619 et
1712 583 1848 633 prata,

322 655 421 681 cum
455 642 541 681 suis
574 643 852 694 pertinenciis
890 645 935 681 et
969 641 1169 682 omnibus
1210 642 1484 682 libertatibus
1519 646 1563 682 et
1602 643 1849 684 asiamentis

322 705 448 745 dictis
460 706 722 745 tenementis
736 705 1102 759 qualitercumque
1116 706 1422 759 spectantibus,
1435 707 1648 759 praedictis
1662 707 1689 747 J
1691 706 1850 747 ohanni

323 772 369 808 et
401 768 548 808 Aliciae
585 772 629 808 et
661 767 901 809 haeredibus
935 769 1170 809 eorundem
1203 769 1397 823 legitime
1431 771 1668 823 procreatis
1703 774 1851 811 contra

323 846 469 872 omnes
490 836 643 886 gentes
664 833 1031 873 warantizabimus
1052 836 1096 873 et
1117 832 1398 874 defendemus
1419 835 1754 887 imperpetuum.
1796 835 1850 874 In

323 895 444 949 eujus
466 898 528 936 rei
548 897 850 937 testimonium
870 896 971 937 huic
992 898 1193 950 praesenti
1214 900 1340 937 cartae
1361 911 1467 937 meae
1489 898 1681 952 sigillum
1702 912 1851 938 meum

323 961 513 1013 apposui.
575 960 673 1000 Hiis
703 961 905 1011 testibus,
927 961 1114 1001 Roberto
1137 961 1368 1014 Byndlose,
1399 961 1427 1002 J
1430 960 1596 1001 ohanne
1619 962 1671 1001 de
1695 961 1851 1015 Sallay,

324 1024 417 1063 Ada
447 1024 681 1074 Hawward,
722 1024 903 1064 Ricardo
935 1025 1188 1078 Stayneton,
1219 1025 1247 1065 J
1249 1023 1416 1065 ohanne
1447 1025 1578 1064 VVard
1609 1025 1774 1076 clerico,
1806 1029 1853 1066 et

325 1087 433 1127 aliis.

413 1151 511 1191 Dat.
543 1152 657 1205 apud
690 1150 895 1203 Sharrow,
926 1166 1038 1193 nono
1069 1152 1139 1193 die
1170 1152 1330 1195 mensis
1362 1153 1530 1201 Marcii,
1552 1153 1676 1193 Anno
1696 1153 1851 1208 rengni

325 1213 431 1270 (sic)
452 1216 562 1268 regis
585 1216 755 1255 Ricardi
777 1217 952 1256 secundi
975 1231 999 1256 a
1020 1219 1268 1269 conquaestu
1289 1216 1456 1270 Angliae
1478 1218 1625 1256 tercio.

412 1277 543 1319 Label
563 1277 839 1332 remaining,
861 1278 937 1320 but
958 1278 1048 1320 scal
1066 1293 1190 1332 gone.

414 1341 659 1393 Endorsed,
681 1341 736 1383 in
767 1342 878 1383 later
898 1341 1036 1393 hand,
1059 1342 1252 1383 concess.
1285 1343 1313 1384 J
1315 1341 1419 1383 oh’is
1441 1343 1494 1383 de
1526 1342 1718 1384 Sharrow
1738 1344 1766 1386 J
1769 1342 1854 1384 oh’i

327 1407 386 1446 fil.
409 1405 515 1446 Ric’i
536 1407 589 1446 de
609 1405 854 1459 Pokthorpe
877 1407 929 1447 de
952 1406 1133 1458 Gifford,
1156 1410 1182 1446 3
1205 1407 1256 1447 R.
1280 1404 1353 1447 2⁶5.
1416 1407 1473 1447 H.
1499 1409 1568 1447 11.

416 1470 518 1524 (See
539 1470 621 1509 No.
643 1468 861 1525 CLXXXII.)

603 1625 810 1661 CLXXIII.
845 1625 1020 1661 GRANT
1052 1626 1116 1661 OF
1148 1625 1289 1661 LAND
1322 1626 1376 1662 IN
1409 1626 1575 1662 RIPON.

854 1698 997 1743 (RIPON
1022 1698 1204 1733 CHAPTER
1228 1698 1324 1742 MS.)

416 1770 562 1811 Sciant
583 1774 812 1824 praesentes
835 1774 880 1811 et
901 1771 1052 1821 futuri,
1073 1771 1186 1824 quod
1207 1784 1284 1811 nos
1298 1771 1325 1811 J
1328 1770 1516 1811 ohannes
1537 1768 1852 1824 Memersmyth

327 1838 372 1874 et
407 1834 581 1874 Beatrix
617 1848 720 1874 uxor
754 1848 851 1875 mea
883 1835 1097 1884 dedimus,
1132 1835 1434 1885 concessimus,
1466 1837 1511 1874 et
1542 1833 1621 1874 hac
1653 1834 1854 1887 praesenti

327 1901 442 1937 carta
477 1901 620 1938 nostra
651 1898 994 1938 confirmavimus
1025 1896 1213 1939 Johanni
1249 1898 1302 1937 de
1338 1898 1461 1937 Dene
1497 1901 1542 1937 et
1574 1896 1763 1938 Johanni
1799 1897 1852 1937 de

328 1961 434 2001 Beld
456 1962 507 2002 de
531 1962 706 2016 Rypon',
729 1963 974 2015 capellanis,
996 1976 1132 2002 unum
1154 1961 1316 2002 toftum
1346 1975 1444 2001 cum
1468 1962 1554 2001 suis
1575 1961 1854 2014 pertinenciis

327 2026 371 2064 in
395 2026 557 2079 Rypon'
579 2027 691 2066 sicut
715 2026 833 2080 jacet
853 2027 899 2065 in
922 2026 1174 2079 Annusgate
1207 2026 1322 2065 inter
1352 2026 1625 2079 mesuagium
1655 2024 1854 2078 Hugonis

328 2089 489 2129 Glouer
519 2103 569 2129 ex
599 2103 687 2129 una
717 2093 837 2143 parte
866 2093 912 2130 et
942 2090 1212 2144 mesuagium
1240 2089 1448 2129 Willelmi
1479 2089 1627 2129 Fallan
1650 2102 1701 2128 ex
1721 2088 1854 2128 altera

327 2156 461 2206 parte,
492 2153 604 2205 quod
636 2154 812 2206 quidem
842 2153 1002 2193 toftum
1033 2167 1170 2206 nuper
1200 2152 1431 2193 habuimus
1463 2166 1513 2192 ex
1544 2152 1656 2191 dono
1687 2155 1733 2192 et
1753 2164 1854 2192 con-

327 2217 515 2256 cessione
537 2217 699 2256 domini
730 2216 939 2257 Johannis
961 2217 1102 2266 Ward,
1124 2216 1291 2256 militis.
1352 2216 1613 2256 Habendum
1636 2219 1680 2255 et
1700 2218 1855 2255 tenen-

328 2279 431 2318 dum
452 2280 704 2332 praedictum
725 2280 885 2320 toftum
907 2294 1005 2320 cum
1028 2280 1115 2319 suis
1143 2280 1435 2333 pertinenciis,
1456 2279 1644 2333 praefatis
1665 2277 1854 2319 Johanni

329 2346 373 2381 et
405 2342 607 2392 Johanni,
637 2342 877 2384 haeredibus
913 2347 960 2383 et
995 2343 1223 2397 assignatis
1259 2343 1362 2393 suis,
1397 2356 1473 2396 pro
1505 2346 1597 2383 tota
1628 2343 1717 2382 vita
1747 2355 1854 2395 prae-

329 2405 538 2445 dictorum
581 2406 790 2446 Johannis
827 2406 1140 2459 Memersmyth
1183 2409 1227 2447 et
1263 2407 1470 2446 Beatricis
1508 2407 1650 2446 uxoris
1687 2419 1773 2446 suae
1809 2407 1854 2445 et

330 2483 474 2508 eorum
506 2470 680 2508 alterius
712 2470 879 2509 diucius
914 2471 1094 2520 viventi,
1137 2470 1189 2510 de
1232 2470 1486 2522 capitalibus
1523 2470 1707 2509 dominis
1740 2468 1854 2508 feodi

329 2532 457 2580 illius,
480 2546 554 2584 per
577 2533 752 2572 servicia
772 2534 871 2572 inde
892 2534 1038 2573 debita
1059 2537 1103 2573 et
1125 2533 1176 2573 de
1193 2532 1291 2586 jure
1312 2536 1527 2572 consueta.
1589 2533 1647 2571 Et
1666 2545 1741 2571 nos
1756 2545 1855 2571 vero

330 2595 520 2646 praedicti
538 2596 564 2635 J
567 2594 754 2635 ohannes
769 2595 1083 2649 Memersmyth
1101 2600 1147 2636 et
1163 2597 1335 2636 Beatrix
1364 2610 1461 2635 mea
1476 2593 1582 2651 (sic)
1605 2599 1650 2635 et
1666 2594 1854 2635 haeredes

329 2658 477 2707 nostri,
500 2659 750 2711 praedictum
771 2658 929 2698 toftum
951 2673 1048 2698 cum
1073 2661 1158 2699 suis
1180 2660 1457 2712 pertinenciis
1480 2673 1554 2711 per
1569 2662 1706 2698 totam
1720 2659 1854 2697 vitam

330 2725 515 2760 nostram
538 2725 582 2760 et
602 2723 736 2761 nostri
759 2722 934 2762 alterius
957 2723 1124 2762 diucius
1157 2723 1359 2773 viventis,
1381 2722 1568 2775 praefatis
1590 2720 1775 2761 Johanni
1809 2724 1854 2761 et

330 2781 529 2833 Johanni,
566 2783 804 2825 haeredibus
846 2788 889 2824 et
925 2786 1152 2838 assignatis
1190 2787 1292 2836 suis,
1333 2790 1481 2825 contra
1514 2798 1661 2824 omnes
1702 2787 1854 2838 gentes

512 2872 566 2912 (Ι)
595 2872 670 2906 MS.
689 2873 751 2906 has
771 2876 779 2891 ‘
795 2873 925 2907 terras?
1275 2875 1329 2918 (2)
1358 2874 1434 2908 MS.
1453 2873 1517 2907 has
1535 2874 1543 2891 ‘
1558 2872 1664 2907 meis:
