1955 3068
63 148 156 194 132

61 280 127 309 The
146 290 212 318 pro-

61 324 130 348 vost
147 321 196 348 de-

62 359 166 387 clared
183 360 235 387 the

61 398 166 426 vicars
176 403 208 426 to
222 399 258 427 be

61 438 249 474 responsible

61 477 109 504 for
125 476 179 504 the

61 515 139 543 obit.

62 1045 245 1075 witnesses.

60 1085 100 1113 fo.
119 1085 172 1112 103
190 1086 218 1114 b.

61 1233 210 1262 Noram-‘s

61 1266 232 1301 certificate

62 1958 164 1988 Grani:
180 1959 212 1987 of
230 1968 247 1987 a

64 2007 225 2033 messunge

65 2037 96 2065 in
115 2036 227 2075 ltlpon.

773 160 1051 197 MEMORIALS
1086 163 1144 196 OF
1181 163 1338 196 RIPON.

294 286 370 313 seu
410 274 727 314 contraveniret
759 275 1005 327 aliqualiter
1037 275 1082 314 in
1119 275 1330 314 futurum.
1393 273 1558 322 Quibus
1591 273 1648 313 sic
1685 273 1823 321 factis,

293 337 495 390 praefatus
535 338 734 378 dominus
776 339 988 378 Robertus
1023 338 1273 391 Brompton,
1306 341 1549 391 procurator
1582 338 1825 391 praedictus,

293 403 488 454 promisit
522 401 605 441 fide
639 416 713 441 sua
744 402 886 441 media
916 403 1031 456 quod
1062 403 1209 442 vicarii
1239 402 1427 442 ecclesiae
1459 402 1695 456 collegiatae
1720 416 1826 455 prae-

293 465 433 514 dictae,
457 470 497 505 et
523 480 668 505 eorum
692 480 965 516 successores,
987 467 1265 506 celebrabunt
1286 466 1454 506 obitum
1475 466 1640 519 praefati
1662 466 1826 506 domini

294 519 500 568 willelmi
522 528 757 569 Waltfhewe
775 529 959 582 junioris
982 531 1027 569 in
1045 531 1196 570 eadem
1211 530 1390 570 ecclesia
1403 530 1630 583 collegiata
1644 530 1825 583 singulis

293 593 417 631 annis
440 594 775 646 imperpetuum,
799 594 877 633 sub
902 595 1041 645 modo,
1063 594 1212 644 forma,
1235 597 1281 633 et
1309 594 1631 633 condicionibus
1659 595 1705 633 in
1731 595 1827 647 qui-

293 656 473 695 busdam
495 657 739 696 indenturis
760 658 875 696 inter
897 658 1033 697 dictos
1056 658 1230 697 vicarios
1252 661 1298 697 et
1310 660 1558 697 executores
1579 658 1679 697 inde
1701 657 1826 697 factis

293 720 463 772 plenius
486 721 753 773 expressatis.
787 720 924 773 Super
946 721 1102 774 quibus
1125 722 1183 760 sic
1205 722 1354 775 gestis,
1367 724 1458 760 tam
1471 721 1612 760 dictus
1626 721 1825 760 dominus

294 783 508 823 Robertus
548 787 793 836 procurator
823 798 952 837 quam
984 788 1230 824 executores
1270 785 1478 825 antedicti
1509 785 1827 838 requisiverunt

294 860 363 886 me
405 848 621 887 notarium
670 848 991 901 infrascriptum
1034 849 1115 888 sibi
1156 849 1361 888 conficere
1404 848 1623 901 publicum
1664 849 1827 888 instru-

294 915 506 951 mentum.
568 911 676 951 Acta
712 911 884 952 fuerant
916 911 1006 952 haec
1040 916 1168 965 prout
1203 926 1329 966 supra
1363 913 1608 952 scribuntur
1645 915 1690 952 et
1720 912 1825 952 reci-

295 978 459 1024 tantur,
484 975 561 1014 sub
583 989 696 1014 anno
718 976 907 1026 Domini,
930 977 1182 1026 indiccione,
1205 976 1474 1029 pontificatu,
1496 990 1659 1026 mense,
1681 976 1765 1026 die,
1782 979 1825 1015 et

292 1037 383 1077 loco
416 1039 629 1091 praedictis
647 1053 658 1087 3
690 1039 975 1092 praesentibus
1007 1039 1199 1079 honestis
1234 1041 1333 1079 viris
1370 1040 1559 1079 Roberto
1602 1039 1740 1079 Ketill
1781 1043 1827 1079 et

293 1101 490 1142 Johanne
535 1102 820 1156 Stayneburn,
863 1104 1027 1143 civibus
1065 1104 1252 1143 civitatis
1293 1104 1530 1157 praedictae,
1554 1103 1739 1143 testibus
1772 1103 1827 1143 aid

294 1166 510 1218 praemissa
531 1167 689 1207 vocatis
712 1170 757 1206 et
778 1168 951 1220 rogatis.
1499 1162 1502 1163 ⁷

381 1230 438 1268 Et
460 1243 539 1283 ego
561 1230 805 1270 VVillelmus
827 1231 1040 1285 Langton‚
1063 1231 1257 1282 clericus,
1279 1231 1405 1270 Ebor.
1428 1231 1605 1270 diocesis
1626 1230 1825 1284 publicus

292 1294 547 1332 auctorit-ate
579 1294 809 1346 apostolica
839 1295 1045 1344 notarius,
1077 1295 1305 1348 praemissis
1337 1295 1537 1334 omnibus
1568 1298 1613 1334 et
1645 1294 1825 1348 singulis

292 1357 396 1395 dum
434 1357 492 1395 sic
522 1360 572 1396 ut
600 1358 881 1410 praemittitur
918 1358 995 1397 sub
1031 1372 1143 1398 anno
1176 1354 1365 1407 Domini,
1395 1358 1648 1408 indiccione,
1679 1358 1824 1411 ponti-

293 1420 437 1470 ficatu,
470 1422 629 1461 mensis
661 1421 745 1470 die,
769 1425 814 1460 et
845 1421 936 1460 1000
967 1422 1182 1474 praedictis
1213 1422 1453 1475 agebantur
1474 1425 1520 1462 et
1541 1422 1717 1471 fiebant,
1738 1435 1826 1461 una

293 1497 392 1523 cum
425 1484 611 1523 testibus
644 1485 981 1537 praenominatis,
1014 1499 1200 1538 praesens
1233 1485 1512 1538 personaliter
1541 1484 1733 1535 interfui,
1756 1499 1825 1525 ea-

293 1560 377 1600 que
400 1548 544 1586 omnia
565 1550 610 1586 et
637 1548 806 1601 singula
838 1549 896 1587 sic
918 1549 1010 1588 fieri
1041 1549 1141 1599 vidi,
1163 1549 1323 1598 audivi,
1345 1549 1507 1601 scripsi,
1528 1548 1758 1601 publicavi,
1781 1551 1827 1588 et

295 1609 404 1650 hanc
426 1611 642 1663 publicam
669 1611 848 1651 formam
880 1613 1042 1666 redegi,
1065 1614 1257 1666 meisque
1291 1613 1412 1666 signo
1444 1615 1490 1652 et
1519 1612 1694 1651 nomine
1728 1625 1827 1651 con-

295 1675 430 1713 suetis
460 1675 639 1727 signavi,
662 1679 835 1729 rogatus
867 1679 912 1716 et
942 1677 1189 1730 requisitus,
1222 1677 1266 1717 in
1295 1676 1424 1718 fidem
1449 1679 1493 1716 et
1525 1675 1824 1717 testimonium

295 1739 488 1779 omnium
511 1739 841 1793 praemissorum.

972 1870 1144 1915 (XLVI.)

386 1950 596 1990 Omnibus
637 1950 716 1990 hoc
760 1952 966 2004 scriptum
1007 1953 1283 1992 indentatum
1316 1952 1469 1992 visuris
1502 1952 1566 1992 vel
1598 1951 1825 2001 audituris,

295 2015 322 2054 J
327 2013 514 2054 ohannes
539 2015 754 2054 Herreson
776 2015 828 2054 de
850 2016 1107 2068 Melmyrby,
1131 2016 1313 2056 salutern
1336 2017 1381 2055 in
1404 2016 1601 2056 Domino.

387 2078 495 2118 Cum
530 2079 742 2118 Robertus
780 2079 1030 2132 Brompton,
1064 2084 1309 2133 procurator
1342 2080 1595 2120 vicariorum
1638 2079 1825 2119 ecclesiae

297 2142 532 2195 collegiatae
567 2143 721 2195 Ripon,
759 2146 906 2182 octavo
940 2144 1009 2183 die
1046 2145 1206 2183 mensis
1239 2144 1508 2193 Novembris,
1542 2144 1667 2182 Anno
1703 2142 1824 2195 regni

297 2206 411 2259 regis
434 2206 611 2245 Henrici
634 2207 742 2245 sexti
766 2210 861 2259 post
883 2210 1177 2259 conquaestum
1198 2208 1414 2247 tricesimo
1435 2211 1596 2256 octavo,
1618 2204 1749 2245 michi
1782 2208 1827 2244 et

300 2268 539 2308 haeredibus
562 2270 668 2308 meis
691 2270 875 2320 dederit,
897 2271 1167 2319 concesserit,
1190 2274 1234 2310 et
1256 2284 1331 2323 per
1348 2274 1510 2310 cartam
1533 2283 1654 2309 suam
1675 2269 1826 2308 inden-

303 2336 441 2371 tatam
487 2333 814 2383 confirmaverit,
856 2347 991 2373 unum
1034 2335 1303 2387 mesuagium
1323 2334 1329 2356 ¹
1368 2334 1577 2372 situatum
1613 2336 1678 2372 est
1711 2333 1826 2371 inter

301 2396 570 2449 mesuagium
603 2411 747 2436 meum
782 2411 832 2436 ex
864 2411 950 2437 una
978 2402 1098 2450 parte
1130 2402 1173 2437 et
1206 2398 1416 2437 venellam
1445 2411 1538 2449 quae
1567 2396 1683 2449 jacet
1712 2396 1826 2434 inter

303 2460 594 2513 supradictum
627 2462 897 2515 mesuagium
924 2466 968 2501 et
989 2463 1258 2516 mesuagium
1280 2461 1485 2501 Willelmi
1510 2460 1754 2512 Wrampain
1776 2472 1827 2499 ex

301 2524 435 2563 altera
450 2523 464 2546 ²
485 2528 620 2576 parte,
636 2523 882 2564 habendum
905 2529 950 2565 et
970 2527 1222 2575 tenendum,
1240 2525 1371 2565 michi
1394 2528 1438 2564 et
1459 2523 1698 2563 haeredibus
1719 2523 1826 2562 meis

303 2588 346 2626 in
384 2590 654 2640 perpetuum,
688 2588 902 2627 reddendo
938 2589 1036 2629 inde
1073 2590 1297 2629 annuatim
1327 2589 1467 2628 eidem
1493 2586 1752 2640 procuratori
1784 2588 1829 2625 et

304 2650 613 2690 successoribus
636 2652 721 2690 suis
744 2652 909 2690 vicariis
931 2653 982 2692 ad
1004 2652 1114 2693 festa
1136 2653 1410 2693 pentecostes
1428 2656 1471 2690 et
1489 2650 1633 2691 Sancti
1648 2649 1829 2688 Martini

377 2746 433 2787 (1)
460 2745 534 2778 Tho
552 2750 781 2791 countorpart
798 2745 861 2779 has
878 2745 964 2780 been
981 2748 1123 2781 entered
1142 2759 1179 2781 as
1196 2747 1288 2781 well.
1332 2747 1407 2780 The
1424 2744 1553 2780 second
1571 2755 1659 2789 copy
1678 2742 1829 2788 supplies

305 2797 420 2830 words
456 2796 572 2830 which
604 2809 661 2830 are
693 2797 842 2840 missing
872 2798 965 2842 here,
984 2799 1049 2834 viz.
1069 2800 1124 2833 ‘in
1143 2800 1228 2834 villa
1246 2800 1384 2845 Ripon',
1402 2798 1496 2844 quod
1521 2796 1662 2842 quidem
1692 2805 1828 2828 mesua-

332 2849 337 2854 ·
418 2849 425 2860 ο

305 2861 412 2885 gmin-

381 2901 436 2943 (2)
464 2903 471 2918 ‘
488 2900 594 2944 Alia,⁹
612 2901 738 2935 second
757 2913 856 2947 copy.
