1935 3151
583 150 812 185 ORIGINAL
847 149 1136 184 DOCUMENTS.

202 295 351 332 CLXV.
386 293 559 330 GRANT
592 294 656 330 OF
689 294 824 330 RENT
857 294 911 329 IN
945 293 1098 329 RIPON
1134 292 1242 329 AND
1278 292 1418 327 LAND
1457 291 1510 327 IN

652 352 1079 388 CLOTIIERIIOLME.

624 424 769 468 (eron
787 423 969 459 CnAPrnR
987 423 1085 468 MS.)

182 505 330 546 Sciant
360 510 593 559 praesentes
634 510 680 546 et
713 505 865 556 futuri,
897 505 1011 559 quod
1044 519 1124 559 ego
1160 502 1380 546 Johannes
1412 503 1465 543 de
1499 502 1623 554 Aula,

91 583 271 610 manens
294 571 339 609 111
361 570 539 622 Rypon’,
561 570 763 619 concessi,
785 569 900 618 dedi,
923 572 967 608 et
997 567 1075 608 hac
1107 572 1224 608 carta
1255 582 1351 608 mea
1376 566 1622 607 confirmavi

91 634 265 674 domino
301 633 468 673 Simoni
511 633 647 673 Sewal
687 633 740 672 de
777 632 931 685 Ripon’
964 632 1198 686 capellano,
1240 635 1424 685 quatuor
1467 630 1621 670 solidos

90 699 227 737 annui
247 698 443 738 redditus
474 698 520 737 in
551 697 718 750 Rypon'
739 697 784 736 in
806 697 1016 751 Westgat,
1039 710 1143 749 quos
1164 697 1377 749 adquisivi
1408 695 1461 735 de
1482 695 1622 735 tribus

91 762 259 802 filiabus
281 762 308 802 J
311 762 475 802 ermani
497 762 550 801 de
573 760 769 810 Larice-he,
792 765 837 801 et
858 775 990 801 unam
1012 774 1152 801 acram
1184 764 1309 800 terrae
1340 773 1469 813 quam
1491 758 1622 799 habui

90 826 144 866 de
186 826 297 865 dono
337 825 546 865 willelmi
580 824 864 874 Munkeman,
897 825 942 863 in
976 825 1192 864 territorio
1227 824 1280 864 de
1323 822 1620 873 Cloutherum‚

90 889 331 929 tenendum
354 893 399 929 et
420 888 667 929 habendum
691 888 833 928 eidem
855 888 1030 928 domino
1052 887 1233 939 Simoni,
1254 886 1496 928 haeredibus
1518 887 1619 936 suis,

90 957 137 993 et
169 954 255 992 suis
278 953 523 1006 assignatis,
546 952 695 1002 libere,
717 952 879 1005 quiete,
901 952 1027 1003 bene,
1058 953 1104 991 in
1134 965 1250 1005 pace,
1282 951 1335 991 de
1366 950 1618 1004 capitalibus

90 1017 276 1056 dominis
306 1016 529 1056 feodorum
560 1016 733 1055 illorum
756 1029 831 1069 per
865 1016 1041 1055 servicia
1061 1016 1160 1055 inde
1183 1014 1330 1055 debita
1351 1018 1396 1054 et
1416 1018 1621 1054 consueta

88 1081 134 1119 in
165 1084 439 1134 perpetuum.
500 1080 558 1120 Et
589 1093 669 1134 ego
699 1080 841 1119 dictus
873 1078 1092 1120 Johannes
1123 1082 1168 1119 et
1189 1077 1380 1118 haeredes
1401 1079 1488 1118 mei
1508 1091 1617 1131 prae-

87 1144 256 1183 dictum
281 1144 501 1183 redditum
522 1147 707 1197 quatuor
728 1143 974 1194 solidorum,
996 1146 1041 1182 et
1061 1143 1310 1196 praedictam
1331 1156 1471 1182 acram
1492 1146 1617 1182 terrae

88 1221 188 1247 cum
208 1208 489 1261 pertinenciis
511 1208 613 1257 suis,
635 1207 776 1247 eidem
798 1207 971 1246 domino
1003 1206 1168 1246 Simoni
1189 1210 1235 1245 et
1265 1205 1506 1246 haeredibus
1529 1206 1616 1245 suis

88 1275 134 1311 et
166 1272 253 1311 suis
284 1271 512 1324 assignatis
542 1274 691 1310 contra
720 1284 869 1310 omnes
891 1274 1042 1324 gentes
1062 1269 1433 1310 warantizabimus
1454 1270 1498 1309 in
1520 1283 1617 1322 per-

87 1338 285 1387 petuum.
347 1335 399 1374 In
441 1333 565 1388 cujus
598 1334 661 1374 rei
696 1334 997 1374 testimonium
1030 1334 1232 1386 praesenti
1265 1336 1390 1373 cartae
1424 1333 1616 1387 sigillum

86 1411 234 1438 meum
264 1398 455 1451 apposui.
517 1398 615 1438 Dat.
647 1398 762 1450 apud
784 1397 963 1451 Rypon’,
995 1397 1065 1436 die
1096 1397 1276 1437 Veneris
1307 1398 1498 1450 proxima
1518 1402 1616 1450 post

84 1461 245 1502 festum
278 1462 423 1502 Sancti
454 1460 636 1502 Oswaldi
667 1461 814 1515 Regis,
854 1461 980 1500 Anno
1012 1460 1186 1500 Domini
1226 1461 1383 1501 M⁰ccc⁰
1413 1461 1616 1502 vicesimo

85 1526 282 1579 septimo.
344 1526 442 1566 Hiis
483 1525 684 1576 testibus,
715 1525 934 1565 Willelmo
965 1524 1152 1575 Hubert,
1183 1525 1275 1564 Ada
1315 1525 1368 1564 de
1412 1524 1615 1575 Scotton’,

83 1588 281 1630 Johanne
311 1587 518 1643 FrankyS,
549 1588 746 1630 Johanne
777 1588 831 1629 (16
874 1588 1029 1643 Snape,
1061 1587 1258 1630 Johanne
1281 1589 1333 1629 de
1365 1587 1540 1640 Hoton’,
1572 1592 1617 1630 et

82 1653 191 1694 aliis.

172 1715 303 1758 Label
323 1715 602 1771 remaininy,
625 1716 702 1758 but
722 1716 812 1759 scal
831 1731 956 1771 90⁹2&-

391 1831 557 1867 CLXVI.
591 1831 764 1867 GRANT
795 1832 857 1867 OF
887 1833 1028 1867 LAND
1058 1833 1112 1868 IN
1143 1832 1308 1868 RIPON.

621 1903 764 1948 (Rffon
781 1902 964 1938 OHAPTBR
981 1904 1076 1949 MS.)

172 1976 318 2017 Sciant
337 1980 569 2030 praesentes
589 1979 635 2016 et
654 1975 807 2027 futuri,
828 1976 942 2029 quod
959 1990 1038 2030 ego
1051 1977 1262 2027 Alianora,
1279 1977 1494 2031 quondam
1510 1991 1615 2018 uxor

83 2039 256 2080 Ricardi
286 2041 339 2080 de
361 2040 441 2080 Dal
473 2039 526 2080 de
558 2039 726 2093 Ripon',
756 2041 802 2079 in
834 2040 1045 2080 viduitate
1068 2045 1113 2081 et
1133 2041 1247 2094 legia
1267 2044 1480 2094 potestate
1503 2055 1613 2092 mea,

83 2104 286 2153 concessi,
308 2104 423 2154 dedi,
445 2107 491 2143 et
511 2102 590 2143 hac
612 2108 729 2143 carta
749 2117 846 2143 mea
867 2104 1113 2144 confirmavi
1129 2104 1346 2144 willelmo
1366 2105 1407 2144 16
1431 2105 1615 2145 Somun-

83 2167 186 2217 der,¹
211 2168 263 2207 de
286 2167 439 2220 Ripon’
459 2172 506 2207 et
527 2167 695 2208 Ceciliae
726 2168 846 2207 uxori
875 2167 983 2221 ejus,
1005 2181 1136 2207 unam
1157 2169 1303 2208 rodam
1325 2171 1371 2208 et
1391 2169 1615 2208 dimidiam

82 2234 207 2270 terrae
239 2231 418 2271 insimul
442 2230 637 2284 jacentes
659 2231 705 2270 in
726 2231 943 2271 territorio
974 2231 1027 2271 de
1050 2232 1202 2285 Ripon’
1224 2246 1273 2272 ex
1294 2235 1415 2285 parte
1438 2232 1615 2272 australi

84 2293 201 2333 bosci
241 2295 294 2334 de
335 2294 533 2348 Depegil,
574 2308 704 2347 quam
744 2295 919 2348 quidem
940 2298 1098 2334 terram
1138 2296 1367 2348 praedictus
1407 2296 1615 2336 Ricardus

85 2358 265 2397 maritus
288 2371 411 2397 meus
434 2361 478 2397 et
500 2371 579 2412 ego
610 2356 842 2398 habuimus
873 2372 925 2397 ex
946 2358 1056 2398 dono
1087 2362 1133 2398 et
1154 2360 1424 2399 concessione
1447 2359 1614 2400 Ceciliae

83 2421 242 2461 relictae
252 2421 459 2461 Willelmi
474 2422 599 2471 Vaza,
617 2422 824 2461 carnificis
839 2436 850 2470 3
873 2423 1114 2462 tenendum
1132 2427 1174 2463 et
1189 2422 1437 2463 habendum
1454 2424 1614 2463 dictam

85 2488 243 2524 terram
284 2498 383 2524 cum
414 2486 695 2538 pertinenciis
737 2486 901 2525 eisdem
942 2486 1158 2526 willelmo
1199 2487 1239 2527 le
1282 2487 1528 2527 Somundur
1569 2491 1614 2527 et

85 2547 251 2589 Ceciliae
292 2550 412 2588 uxori
446 2548 554 2602 ejus,
589 2548 831 2588 haeredibus
866 2550 954 2589 suis
986 2553 1031 2589 et
1068 2551 1154 2590 suis
1187 2550 1430 2604 assignatis,
1463 2550 1613 2600 libere,

83 2612 245 2664 quiete,
266 2612 389 2662 bene,
411 2613 457 2652 in
478 2626 594 2665 pace,
613 2617 657 2652 et
678 2613 724 2651 in
745 2616 1022 2665 perpetuum,
1044 2614 1097 2653 de
1118 2614 1291 2666 capitali
1313 2613 1485 2653 domino
1499 2613 1613 2653 feodi

82 2675 212 2725 illius,
256 2689 332 2728 per
373 2676 549 2715 servicia
589 2675 690 2715 inde
731 2676 878 2715 debita
918 2680 963 2716 et
1002 2681 1218 2717 consueta.
1280 2677 1335 2716 Et
1377 2690 1457 2729 ego
1497 2676 1613 2716 dicta

84 2738 282 2778 Alianora
303 2742 349 2778 et
379 2737 570 2778 haeredes
592 2739 678 2778 mei
710 2743 847 2778 totam
878 2740 1127 2792 praedictam
1159 2744 1319 2780 terram
1351 2753 1449 2779 cum
1480 2741 1613 2793 perti-

158 2832 213 2875 (l)
241 2831 416 2867 Surname
435 2832 588 2867 derived
606 2832 698 2866 from
718 2833 778 2867 the
796 2834 1011 2879 occupation
1029 2834 1068 2868 of
1089 2846 1108 2868 a
1128 2834 1349 2877 Summoner,
1368 2834 1614 2880 ‘Sumpnour,'

86 2894 124 2916 or
142 2882 355 2929 Apparitor,
373 2895 438 2919 one
459 2884 541 2918 who
558 2884 652 2919 cited
671 2896 752 2919 men
771 2890 808 2919 to
826 2897 954 2931 appear
970 2886 1004 2920 in
1022 2892 1150 2921 courts.

1760 136 1855 186 277

1658 518 1725 539 Λ.1).
1743 511 1829 540 1327.

1658 566 1688 596 J.
1703 567 1740 595 de
1756 567 1843 596 Aula.

1658 608 1690 634 to
1706 605 1813 634 Simon

1658 644 1768 674 Sewal.

1650 1403 1734 1442 Aug.
1751 1405 1778 1434 7.

1652 1533 1836 1565 witness-es.

1648 1995 1717 2017 Aa).
1734 1988 1821 2018 1328.

1649 2044 1802 2074 Alianora

1648 2084 1686 2112 de
1702 2083 1762 2112 Dal
1778 2087 1812 2113 to

1650 2122 1737 2152 Will.
1752 2123 1781 2151 le

1650 2161 1834 2192 Somunder.
