1935 3151
102 1299 201 1329 Rent-

101 1340 216 1377 charge
230 1340 264 1368 of

102 1379 144 1407 2s.
156 1379 202 1407 for
218 1379 299 1408 Hos-

101 1417 180 1454 pital
196 1418 229 1446 of
241 1417 285 1447 St.

102 1455 196 1493 Mary
209 1456 300 1495 Mag-

102 1495 221 1525 dalene.

100 1996 284 2028 VVitnesses.

830 156 1106 190 MEMORIALS
1141 157 1199 190 OF
1236 156 1393 190 RIPON.

337 267 415 306 tris
437 267 504 308 W.
527 267 579 307 de
613 267 794 317 Orliens‚
825 268 873 308 T.
904 267 958 307 de
990 268 1130 319 Disce,
1162 273 1207 308 et
1240 268 1294 309 G.
1316 268 1369 308 de
1402 268 1606 320 Lardom,
1637 270 1866 310 canonicis.

339 329 570 384 Stephano,
612 331 844 381 Willelmo,
886 331 1124 384 Gileberto,
1169 332 1399 383 Herberto,
1440 332 1644 385 Roberto,
1685 334 1868 388 Rogero,

337 394 583 447 capeHanis,
606 399 650 435 et
670 396 880 448 pluribus.

620 560 721 596 CXI.
757 560 931 595 GRANT
964 561 1026 596 OF
1059 560 1199 596 LAND
1233 560 1289 596 IN
1327 560 1567 597 SKELTON.

841 636 1124 680 (DARNBROUGE
1152 635 1229 671 MS.
1255 635 1370 679 xxvi.)

425 714 572 755 Sciant
592 727 754 764 omnes,
769 717 859 754 tam
876 718 1106 767 praesentes
1124 728 1253 767 quam
1274 714 1426 765 futuri,
1449 715 1562 768 quod
1584 729 1663 770 ego
1684 716 1868 756 Matilda

335 778 424 818 filia
454 779 633 819 Roberti
654 778 735 818 filii
768 778 956 829 Godrici,
979 779 1093 829 dedi,
1115 779 1319 828 concessi,
1341 782 1387 818 et
1418 777 1496 818 hac
1527 781 1729 832 praesenti
1751 784 1867 821 carta

335 856 432 882 mea
452 842 700 882 confirmavi
721 842 902 882 Ricardo
922 842 1010 881 filio
1032 842 1245 881 Huldredi
1276 842 1329 882 de
1353 841 1545 893 Skelton,
1568 843 1672 883 duas
1694 843 1866 884 bovatas

334 910 459 946 terrae
479 907 526 946 in
547 907 764 946 territorio
785 906 837 945 de
862 905 1055 955 Skelton,
1077 917 1176 945 cum
1198 920 1284 945 uno
1304 906 1413 946 tofto
1445 910 1490 946 et
1520 908 1799 959 pertinenciis
1820 908 1866 947 in

335 970 483 1009 eadem
504 970 622 1019 villa,
643 969 739 1009 illas
771 970 933 1009 scilicet
965 983 1070 1022 quas
1101 969 1316 1009 Robertus
1347 973 1467 1023 pater
1497 984 1620 1010 meus
1650 971 1867 1024 quondam

333 1032 486 1073 habuit
505 1033 558 1073 de
580 1033 690 1073 dono
711 1033 813 1072 Adae
845 1033 898 1073 de
930 1033 1149 1082 Bramton,
1172 1033 1312 1073 eidem
1339 1033 1533 1084 Ricardo,
1553 1035 1793 1074 tenendum
1823 1039 1869 1075 et

334 1096 595 1147 habendum,
618 1096 699 1136 sibi
728 1100 773 1136 et
804 1095 1044 1136 haeredibus
1078 1097 1179 1146 suis,
1211 1098 1299 1136 sive
1333 1097 1419 1136 suis
1451 1098 1695 1151 assignatis,
1717 1097 1867 1149 libere,

333 1162 519 1214 integre,
540 1160 729 1213 pacifice,
761 1163 806 1200 et
827 1161 988 1213 quiete,
1011 1174 1110 1200 cum
1141 1160 1340 1200 omnibus
1371 1160 1646 1201 libertatibus
1667 1164 1711 1201 et
1731 1162 1868 1215 aysia-

334 1225 493 1264 mentis
544 1224 757 1277 praedictae
798 1228 923 1264 terrae
964 1224 1298 1277 pertinentibus,
1340 1228 1432 1264 tam
1471 1224 1584 1264 infra
1627 1225 1773 1264 villam
1815 1226 1867 1266 de

335 1288 513 1328 Skelton
544 1301 673 1340 quam
705 1290 838 1328 extra.
900 1287 1133 1328 Reddendo
1163 1287 1264 1327 inde
1295 1288 1536 1336 annuatim,
1553 1288 1746 1328 Matildae
1767 1288 1867 1329 fih‘ae

334 1352 504 1392 Ricardi
536 1351 615 1391 filii
636 1351 816 1391 Walteri
848 1351 951 1405 xijd.
984 1355 1029 1391 et
1059 1351 1228 1404 ospitali
1260 1351 1406 1391 Beatae
1428 1352 1576 1391 Mariae
1598 1352 1866 1406 Magdalenae

334 1415 386 1455 de
409 1416 606 1468 Riponia,
628 1414 656 1467 ij
683 1415 756 1454 sol.
780 1415 943 1455 scilicet
955 1415 1236 1455 medietatem
1252 1415 1304 1454 ad
1321 1414 1607 1455 Pentecosten
1626 1419 1670 1455 et
1686 1416 1865 1456 alteram

333 1479 611 1518 medietatem
643 1478 697 1518 ad
727 1477 887 1518 festum
923 1478 1068 1519 Sancti
1102 1478 1296 1527 Martini,
1318 1492 1393 1531 pro
1428 1478 1627 1518 omnibus
1662 1480 1863 1530 serviciis,

333 1542 725 1591 consuitudinibus,
762 1545 807 1581 et
843 1541 1082 1591 demandis,
1112 1540 1309 1581 faciendo
1340 1541 1598 1581 forinsecum
1635 1543 1863 1582 servicium

333 1610 544 1660 quantum
575 1606 765 1658 pertinet
795 1606 848 1645 ad
869 1608 1036 1644 tantam
1067 1609 1238 1644 terram.
1300 1604 1383 1644 Pro
1413 1605 1565 1645 anticae
1586 1609 1712 1645 cartae
1733 1606 1864 1646 dona-

332 1671 453 1709 cione
475 1673 519 1710 et
550 1672 675 1709 cartae
706 1683 813 1708 meae
835 1669 1160 1708 confirmacione
1182 1668 1304 1708 dedit
1325 1666 1458 1707 michi
1489 1668 1631 1708 dictus
1655 1670 1862 1709 Ricardus

333 1749 358 1774 v
399 1748 558 1774 marcas
603 1734 908 1788 sterlingorum
949 1735 994 1773 in
1035 1747 1132 1773 meo
1171 1747 1328 1787 magno
1378 1734 1570 1787 negocio.
1632 1734 1724 1788 Ego
1764 1748 1864 1774 vero

332 1799 514 1838 Matilda
545 1802 589 1838 et
620 1797 809 1838 haeredes
841 1798 927 1837 mei
957 1797 1326 1837 warantizabimus
1364 1800 1409 1837 et
1445 1797 1724 1837 defendemus
1757 1812 1865 1851 prae-

332 1862 492 1902 dictam
533 1865 691 1901 terram
733 1862 936 1914 praedicto
970 1861 1151 1901 Ricardo
1187 1864 1234 1900 et
1266 1859 1506 1900 haeredibus
1545 1861 1631 1900 suis
1668 1861 1737 1901 vel
1774 1862 1863 1901 suis

332 1926 560 1979 assignatis
602 1929 748 1965 contra
781 1938 929 1965 omnes
962 1925 1300 1978 imperpetuum.
1363 1924 1415 1963 In
1452 1923 1582 1978 hujus
1617 1928 1765 1964 autem
1801 1926 1863 1965 rei

331 1990 632 2029 testimonium
655 1989 848 2043 sigillum
869 2002 1012 2028 meum
1034 1987 1136 2027 huic
1152 1989 1307 2041 scripto
1323 1988 1513 2041 apposui.
1546 1988 1644 2027 Hiis
1659 1989 1862 2038 testibus,

331 2053 410 2092 Ad.
442 2053 586 2103 Ward,
618 2053 836 2092 VVillelmo
877 2052 1021 2101 VVard,
1058 2051 1243 2091 Radulfo
1284 2051 1337 2091 de
1379 2051 1548 2103 Neuby,
1581 2051 1777 2091 Gilberto
1808 2052 1862 2091 de

330 2116 569 2166 Mortimer,
604 2116 776 2156 Simone
808 2116 896 2155 filio
929 2115 1098 2155 Ricardi
1130 2116 1181 2155 de
1214 2115 1439 2164 GivendaL
1469 2115 1684 2154 willelmo
1717 2145 1726 2155 .
1761 2145 1770 2155 .
1804 2145 1814 2155 .
1849 2145 1859 2155 .

330 2180 517 2220 Roberto
548 2180 635 2219 filio
667 2180 897 2230 Edmundi,
922 2179 1093 2220 Simone
1124 2179 1212 2219 filio
1234 2179 1404 2229 Aviciae,
1428 2178 1662 2233 Reginaldo
1693 2179 1859 2230 clerico,

330 2248 375 2284 et
396 2244 545 2284 multis
567 2243 676 2283 aliis.

415 2419 535 2453 CXII.
570 2418 860 2452 VISITATION
893 2418 956 2453 OF
989 2417 1094 2452 THE
1128 2417 1382 2451 HOSPITAL
1418 2417 1480 2451 OF
1516 2417 1583 2452 ST.
1622 2417 1773 2452 MARY

925 2474 1259 2509 MAGDALENE.

378 2553 767 2598 (P.R.O.—Inqm·siti0
785 2553 832 2586 ad
847 2553 939 2597 quod
953 2553 1121 2586 damnum
1141 2552 1368 2597 (Chaneery),
1386 2551 1408 2584 2
1426 2551 1581 2585 Edward
1600 2552 1648 2587 ΙΙ.
1668 2564 1723 2587 no.
1742 2553 1819 2598 64.)

417 2632 662 2681 Edwardus‚
692 2631 773 2671 Dei
804 2632 946 2685 gracia
976 2631 1067 2671 Rex
1098 2631 1279 2685 Angliae,
1301 2630 1511 2670 Dominus
1543 2630 1778 2682 Hiberniae,
1811 2636 1856 2673 et

328 2696 425 2735 Dux
446 2696 703 2748 Aquitaniae,
725 2694 883 2734 dilecto
905 2698 950 2734 et
971 2694 1088 2734 fideli
1112 2708 1187 2734 suo
1209 2693 1399 2734 Gerardo
1420 2693 1616 2747 Salveyn‚
1639 2694 1854 2735 Escaetori

330 2772 404 2799 suo
435 2759 548 2798 ultra
578 2759 797 2807 Trentam‚
820 2758 1016 2798 salutem.
1078 2758 1283 2797 Volentes
1303 2758 1432 2797 certis
1453 2757 1505 2797 de
1526 2758 1663 2797 causis
1684 2771 1760 2811 per
1781 2772 1853 2798 vos

328 2823 541 2862 certiorari
564 2825 710 2862 utrum
731 2820 943 2874 hospitale
972 2821 1115 2860 Beatae
1149 2821 1296 2860 Mariae
1329 2820 1594 2874 Magdalenae
1615 2822 1667 2861 de
1689 2821 1853 2874 Rypon’

330 2899 463 2937 nuper
495 2899 643 2925 vacans
676 2888 765 2924 erat
797 2888 986 2937 tempore
1017 2898 1101 2936 quo
1123 2883 1516 2936 Archiepiscopatus
1548 2883 1672 2924 Ebor.
1696 2884 1851 2923 ultimo
