1935 3151
755 191 1006 224 APPENDIX.

204 293 529 343 Concessionem
579 302 772 356 insuper,
821 303 1118 353 donacionem,
1170 303 1558 356 confirmacionem,
1600 309 1647 346 et

114 368 377 418 warantiam,
411 380 515 421 quas
546 367 683 407 Adam
719 368 926 421 Anglicus
962 368 1016 408 de
1051 367 1255 422 Stanleya
1288 371 1333 408 et
1368 367 1646 423 Theophania

113 443 219 469 uxor
241 430 335 484 ejus
364 444 440 484 per
475 434 637 471 cartam
671 445 793 471 suam
830 431 1026 471 fecerunt
1056 431 1199 471 eidem
1230 430 1449 484 hospitali,
1471 433 1524 472 de
1558 446 1645 473 uno

114 493 224 533 tofto
245 498 290 534 et
321 508 407 534 una
438 494 593 535 bovata
613 498 738 535 terrae
769 496 822 535 de
855 496 1082 535 dominicis
1117 495 1203 535 suis
1239 496 1284 535 in
1320 495 1511 549 Stanley,
1545 510 1645 537 cum

114 558 314 598 omnibus
334 559 615 612 pertinenciis
639 563 684 599 et
705 560 970 599 aisiamentis
992 563 1037 600 et
1067 559 1343 600 libertatibus
1365 560 1475 600 infra
1496 560 1645 601 villam

118 624 164 662 et
183 625 317 673 extra,
338 623 385 662 in
405 637 559 676 puram
581 627 626 663 et
646 627 903 676 perpetuam
926 624 1220 664 elemosinam.

202 687 493 728 Donacionem
507 689 657 739 eciam,
671 689 1002 738 concessionem,
1019 688 1407 740 confirmacionem,
1425 692 1470 729 et
1482 702 1644 729 waran-

111 750 234 801 tiam,
256 764 360 804 quas
383 751 531 792 Simon
552 751 667 792 filius
685 751 944 805 Gospatricii
960 752 1012 792 de
1028 751 1232 805 Stanleya
1253 765 1330 805 per
1343 757 1505 792 cartam
1521 767 1643 793 suam

111 813 215 854 fecit
236 815 377 855 eidem
409 814 628 869 hospitali,
650 816 703 856 de
737 816 919 856 dimidia
951 829 1048 855 acra
1075 819 1200 855 terrae
1235 816 1280 855 in
1314 816 1449 857 crofto
1481 830 1557 857 suo
1589 817 1642 858 de

111 877 330 932 Stanleya,
352 880 398 918 in
419 893 571 932 puram
594 883 638 920 et
659 883 915 933 perpetuam
937 879 1232 920 elemosinam.

196 942 507 983 Remissionem
529 944 705 997 insuper
727 946 772 984 et
792 943 1289 997 quietam-clamanciam
1310 957 1415 997 quas
1437 944 1644 985 Ricardus

108 1005 223 1046 filius
245 1006 431 1047 Simonis
452 1007 506 1047 de
529 1007 736 1061 Staynley
757 1021 831 1061 per
863 1008 1074 1060 scriptum
1097 1021 1224 1047 suum
1246 1007 1350 1047 fecit
1383 1008 1524 1048 eidem
1546 1007 1645 1048 hos-

106 1070 245 1123 pitali,
267 1071 320 1110 de
341 1070 427 1110 illis
449 1071 615 1111 duabus
636 1072 802 1112 bovatis
833 1074 958 1111 terrae
980 1085 1085 1124 quas
1107 1070 1313 1111 Matheus
1345 1072 1546 1112 Forester
1566 1086 1644 1126 per

108 1137 269 1174 cartam
293 1148 414 1174 suam
435 1136 558 1175 dedit
579 1136 723 1176 eidem
753 1134 973 1188 hospitali,
996 1139 1042 1175 et
1073 1149 1178 1189 quas
1202 1135 1352 1176 Simon
1383 1136 1499 1176 filius
1531 1137 1643 1176 Kos-

107 1199 295 1252 patricii,
317 1203 441 1253 pater
471 1200 609 1253 ipsius
631 1200 817 1250 Ricardi,
839 1200 955 1239 dicto
986 1198 1190 1252 hospitali
1220 1213 1297 1253 per
1328 1204 1490 1240 cartam
1522 1214 1643 1241 suam

107 1263 388 1314 confirmavit,
411 1267 501 1304 tam
522 1265 569 1304 in
590 1264 804 1304 dominico
835 1277 964 1317 quam
985 1264 1032 1303 in
1064 1264 1268 1315 serviciis,
1291 1264 1380 1304 sine
1402 1264 1546 1318 aliquo
1576 1279 1643 1306 re-

106 1331 359 1367 tenemento
378 1328 716 1382 imperpetuum.

195 1390 519 1432 Concessionem
534 1393 684 1443 eciam,
700 1392 994 1441 donacionem,
1012 1390 1400 1442 confirmacionem,
1423 1395 1469 1432 et
1480 1405 1643 1432 waran-

104 1455 228 1505 tiam,
264 1469 369 1508 quas
403 1457 621 1497 Walterus
655 1457 708 1496 de
743 1455 1019 1509 Cluy(er)um
1055 1468 1132 1508 per
1173 1458 1336 1495 cartam
1380 1469 1502 1495 suam
1538 1455 1641 1496 fecit

105 1519 247 1558 eidem
268 1518 486 1573 hospitali,
508 1521 561 1561 de
583 1534 670 1560 una
701 1533 797 1559 acra
827 1524 952 1559 terrae
973 1520 1019 1559 in
1052 1518 1329 1574 Cluy(er)um
1346 1533 1358 1568 3
1390 1518 1640 1560 habendum

103 1581 235 1623 libere
269 1586 316 1623 et
347 1585 494 1637 quiete
541 1585 594 1625 ab
635 1584 752 1624 omni
795 1583 985 1624 saeculari
1022 1584 1200 1624 servicio
1233 1586 1278 1623 et
1311 1584 1551 1634 exaccione,
1592 1585 1639 1624 in

103 1659 255 1699 puram
278 1651 322 1687 et
344 1653 600 1702 perpetuam
623 1648 915 1688 elemosinam.

192 1710 520 1752 Concessionem
569 1714 760 1765 insuper,
811 1711 1105 1762 donacionem,
1156 1711 1546 1762 confirmacionem,
1592 1715 1639 1752 et

102 1776 366 1826 warantiam,
408 1790 513 1829 quas
546 1776 762 1816 walterus
797 1775 912 1815 filius
950 1775 1164 1815 Gileberti
1204 1775 1257 1815 de
1292 1774 1523 1816 Cluthrum
1560 1789 1638 1828 per

102 1843 264 1879 cartam
299 1854 418 1880 suam
454 1841 558 1881 fecit
589 1841 731 1881 eidem
764 1838 982 1892 hospitali,
1004 1839 1056 1879 de
1089 1839 1271 1879 dimidia
1304 1853 1401 1879 acra
1432 1843 1557 1879 terrae
1589 1841 1635 1879 in

103 1901 358 1954 Cluthrum3
390 1903 639 1945 habendum
674 1904 823 1953 libere,
844 1904 1006 1956 quiete,
1028 1907 1075 1943 et
1106 1903 1245 1943 solute
1276 1903 1329 1943 ab
1366 1904 1484 1943 omni
1506 1917 1637 1943 saecu-

101 1965 180 2006 lari
202 1968 393 2019 servicio,
415 1969 655 2019 exaccione,
673 1971 717 2008 et
738 1967 1065 2016 consuetudine,
1079 1967 1125 2006 in
1141 1980 1293 2020 puram
1314 1970 1357 2007 et
1378 1971 1636 2020 perpetuam

100 2030 393 2073 elemosinam.

189 2094 515 2136 Concessionem
532 2097 682 2147 eciam,
699 2096 991 2144 donacionem,
1008 2094 1395 2144 confirmacionem,
1414 2098 1457 2134 et
1473 2108 1634 2134 waran-

100 2158 222 2209 tiam,
245 2174 349 2213 quas
382 2161 544 2201 Alanus
577 2160 693 2200 filius
727 2159 905 2199 Roberti
936 2159 990 2198 de
1022 2157 1322 2213 Cluth(er)um
1359 2172 1436 2211 per
1473 2163 1633 2198 cartam

101 2234 222 2262 suam
243 2223 347 2264 fecit
369 2225 510 2265 eidem
524 2224 741 2277 hospitali,
754 2224 807 2263 de
829 2223 1006 2262 dimidia
1023 2223 1117 2262 acra
1133 2226 1258 2262 terrae
1272 2223 1316 2261 in
1333 2220 1632 2277 Cluth(er)um

100 2299 195 2338 quae
217 2292 392 2328 vocatur
413 2288 655 2342 Halpenyg’
678 2288 756 2327 sub
779 2287 1036 2340 Graueleye,
1058 2287 1103 2325 in
1134 2300 1287 2339 puram
1309 2290 1353 2325 et
1374 2291 1631 2339 perpetuam

102 2349 393 2393 elemosinam.

190 2415 514 2457 Concessionem
566 2418 755 2469 insuper,
807 2415 1103 2464 donacionem,
1155 2413 1543 2464 confirmacionem,
1587 2418 1632 2453 et

99 2481 363 2531 warantiam,
404 2495 509 2535 quas
549 2481 740 2520 Andreas
769 2479 884 2518 filius
916 2478 1094 2518 Roberti
1126 2478 1179 2518 de
1217 2476 1516 2531 Cluth(er‘)um
1558 2490 1633 2529 per

98 2545 260 2582 cartam
283 2558 404 2584 suam
426 2544 529 2584 fecit
553 2544 694 2584 eidem
716 2542 933 2595 hospitali,
955 2542 1007 2582 de
1029 2542 1214 2594 quadam
1246 2545 1366 2593 parte
1398 2544 1522 2580 terrae
1546 2554 1632 2579 suae

98 2603 144 2643 in
197 2605 513 2663 Cluth(er)um,
555 2610 934 2660 quantamcunque
974 2605 1129 2645 habuit
1171 2618 1296 2657 super
1339 2602 1630 2657 Gretberghe‚

92 2667 266 2720 jacente
287 2671 451 2712 ibidem
473 2686 548 2725 per
570 2672 675 2711 duas
698 2670 919 2724 parcellas,
941 2671 986 2710 in
1018 2682 1171 2723 puram
1193 2672 1235 2708 et
1268 2673 1523 2721 perpetuam
1546 2667 1632 2706 ele-

98 2746 323 2776 mosmam.

186 2799 478 2840 Donacionem
497 2800 647 2849 eciam,
662 2798 993 2845 concessionem,
1010 2795 1398 2844 confirmacionem,
1415 2798 1456 2834 et*
1475 2808 1636 2834 waran-

98 2861 221 2913 tiam,
243 2877 348 2916 quas
381 2864 575 2917 Rogerus
612 2862 728 2901 filius
762 2860 967 2901 Herberti
1001 2860 1053 2899 de
1090 2858 1335 2898 Munketon
1369 2858 1422 2897 de
1457 2872 1635 2898 assensu

101 2925 319 2980 Radulphi
341 2926 486 2967 fratris
510 2927 576 2967 sui
598 2939 674 2979 per
706 2928 868 2965 cartam
893 2937 1013 2963 suam
1036 2923 1136 2963 fecit
1171 2922 1312 2962 eidem
1343 2921 1562 2974 hospitali,
1583 2923 1636 2962 de

1783 181 1875 229 327

1679 375 1783 405 Adam

1679 415 1826 454 English.

1679 762 1786 793 Simon
1801 774 1856 794 son

1678 804 1713 832 of
1725 804 1803 833 Gos-

1678 844 1792 881 patric.

1667 2246 1845 2284 Graueleye

1667 2295 1700 2314 or
1715 2286 1832 2314 Graue-

1667 2325 1718 2363 ley
1728 2324 1742 2354 P

1669 2628 1759 2656 Gret-

1668 2667 1796 2704 berghe.
