1935 3151
76 156 169 203 194
787 165 1062 200 MEMORIALS
1097 165 1156 199 or
1191 165 1350 199 RIPON.

306 277 488 317 duorum
532 278 764 319 solidorum
805 280 851 318 et
890 280 985 318 octo
1035 277 1323 326 denariorum,
1363 289 1492 329 quam
1531 276 1578 315 in
1618 275 1834 329 praedictis

306 342 540 396 mesuagiis
584 346 629 382 et
668 343 859 396 quinque
900 342 1006 381 acris
1047 344 1174 380 terrae
1215 344 1261 380 et
1300 341 1347 379 in
1388 339 1581 393 qualibet
1626 338 1837 392 particula

307 406 539 445 eorundem
559 419 634 460 pro
654 405 858 459 praedicto
877 405 1051 444 redditu
1071 405 1228 459 viginti
1251 404 1481 444 solidorum
1503 403 1775 456 distringere,
1792 405 1838 442 et

307 469 599 509 districciones
640 470 827 509 retinere
868 481 1088 522 quousque
1128 468 1181 507 de
1222 467 1437 521 praedictis
1470 467 1644 507 redditu
1679 466 1837 521 viginti

308 532 491 572 duorum
535 533 657 572 solid.
690 536 735 572 et
775 536 870 572 octo
910 533 1056 571 denar.
1099 534 1143 571 et
1183 531 1407 585 arreragiis
1450 531 1484 570 si
1525 544 1619 583 quae
1659 529 1836 580 fuerint,

309 596 498 648 plenarie
527 596 659 635 fuerit
685 596 967 636 satisfactum.
1030 595 1087 635 Et
1116 608 1196 648 ego
1229 608 1328 634 vero
1360 595 1591 647 praedictus
1617 593 1837 634 Johannes

309 660 361 699 de
398 660 599 699 Bowland
633 664 678 700 et
713 659 902 699 haeredes
935 659 1022 699 mei
1059 659 1247 712 praedict.
1284 659 1501 698 redditum
1536 658 1837 711 praedictorum

309 723 468 777 viginti
488 723 672 763 duorum
694 723 814 763 solid.
838 726 882 763 et
903 725 998 762 octo
1019 723 1164 762 denar.
1186 722 1389 775 praedicto
1410 722 1437 762 J
1440 721 1599 762 ohanni
1620 721 1673 761 de
1695 720 1838 774 Olynt,

310 785 549 826 haeredibus
585 790 628 826 et
665 787 896 840 assignatis
923 786 1010 826 suis
1043 789 1094 826 ut
1125 786 1378 839 praedictum
1412 789 1478 825 est
1509 789 1656 825 contra
1691 797 1841 824 omnes

309 854 462 904 gentes
483 851 850 891 warantizabimus
872 851 1194 903 imperpetuum
1217 853 1262 890 et
1283 849 1577 889 defendemus.
1639 849 1692 889 In
1714 848 1838 902 cujus

309 915 371 953 rei
392 915 694 954 testimonium
726 913 826 954 huic
858 915 1062 967 praesenti
1093 917 1219 953 cartae
1251 913 1442 968 sigillum
1472 927 1620 952 meum
1649 914 1840 966 apposui.

78 992 262 1022 witnesses.
309 978 408 1017 Hiis
430 978 630 1028 testibus,
652 978 679 1018 J
682 977 849 1017 ohanne
870 978 923 1018 de
946 976 1145 1028 Clother’‚
1167 977 1333 1031 Rogero
1353 978 1406 1017 de
1429 976 1627 1028 Clother’,
1643 976 1840 1017 Johanne

310 1041 364 1081 de
386 1040 603 1095 Shyrwod,
626 1041 813 1081 Roberto
834 1041 887 1081 de
912 1040 1160 1092 Brunhous,
1181 1041 1371 1080 VValtero
1393 1041 1446 1080 de
1468 1041 1621 1091 Ledes,
1642 1040 1670 1081 J
1673 1039 1841 1081 ohanne

80 1117 160 1146 Mar.
176 1118 204 1151 Β,
310 1105 364 1144 de
404 1105 626 1154 Tanfelde,
666 1105 885 1144 Willelmo
926 1105 979 1144 de
1023 1104 1228 1154 Scotton’,
1270 1108 1315 1144 et
1356 1105 1508 1144 multis
1549 1104 1661 1144 aliis.
1741 1104 1839 1144 Dat.

79 1165 143 1185 Μ·
161 1157 246 1185 ¹36⁶·
309 1169 423 1221 apud
445 1168 597 1221 Ripon’
618 1172 767 1208 octavo
792 1169 861 1209 die
882 1169 1045 1208 mensis
1072 1169 1239 1219 Marcii,
1263 1169 1386 1208 Anno
1411 1169 1587 1208 Domini
1608 1168 1842 1208 Millesimo

309 1236 427 1272 ccc¹¹¹⁰
450 1232 713 1285 sexagesimo
736 1234 870 1272 sexto.

987 1348 1180 1394 (xovn.)

80 1446 164 1476 John
180 1445 217 1474 de
401 1429 549 1470 Sciant
570 1433 805 1482 praesentes
828 1432 871 1469 et
899 1428 1037 1469 futuri
1062 1430 1175 1482 quod
1204 1443 1284 1483 ego
1308 1428 1526 1470 Johannes
1554 1430 1608 1470 de
1638 1430 1766 1484 Clynt
1790 1429 1845 1469 de

81 1487 237 1560 cimam,
315 1493 483 1546 Ripon’‚
515 1493 774 1546 capellanus,
806 1494 920 1543 dedi,
952 1495 1154 1543 concessi,
1186 1497 1230 1533 et
1260 1493 1338 1533 hac
1369 1495 1572 1547 praesenti
1604 1498 1720 1534 carta
1750 1507 1847 1533 mea

79 1573 116 1600 gr
140 1566 190 1608 nps
206 1565 239 1591 to
314 1557 560 1598 confirmavi
592 1557 766 1596 domino
797 1557 936 1596 David
967 1557 1020 1596 de
1042 1557 1243 1608 Wollore,
1265 1559 1466 1598 canonico
1499 1558 1686 1598 ecclesiae
1717 1557 1846 1597 colle-

119 1573 135 1591 a

82 1612 231 1675 uss'ssihffe,
315 1622 444 1676 giatae
466 1620 634 1673 Ripon'‚
657 1620 742 1660 duo
764 1621 1020 1674 messuagia,
1043 1620 1129 1660 duo
1150 1621 1341 1674 gardina,
1364 1624 1408 1660 et
1432 1635 1504 1661 sex
1525 1635 1639 1661 acras
1662 1625 1787 1661 terrae
1805 1624 1850 1661 et

83 1689 261 1748 {ffgss'aoes
315 1685 443 1738 prati,
466 1698 564 1723 cum
593 1685 680 1723 suis
706 1685 1001 1737 pertinenciis,
1022 1683 1267 1737 jacentibus
1298 1685 1344 1724 in
1365 1685 1468 1724 villa
1489 1688 1533 1725 et
1554 1686 1771 1725 territorio
1791 1685 1847 1725 de

84 1758 245 1787 andland.
315 1747 469 1801 Ripon'
502 1749 546 1787 in
583 1748 761 1787 diversis
796 1747 913 1798 locis,
942 1761 1124 1800 quorum
1156 1762 1293 1787 unum
1329 1749 1621 1803 messuagium
1651 1748 1768 1802 jacet
1800 1749 1846 1788 in

317 1810 608 1865 Alhalowgate
632 1812 747 1850 inter
772 1812 1065 1866 messuagium
1091 1811 1267 1851 Roberti
1296 1812 1351 1852 de
1379 1811 1606 1852 Brunhous
1640 1826 1692 1852 ex
1724 1816 1848 1866 parte

318 1889 419 1925 una,
441 1878 485 1914 et
507 1875 780 1928 mesuagium
803 1875 1019 1927 quondam
1040 1875 1067 1915 J
1070 1874 1250 1915 ohannis
1270 1876 1324 1915 de
1346 1876 1774 1930 Nonnewykthornes
1797 1889 1849 1915 ex

320 1942 440 1993 parte
462 1938 609 1978 altera.
656 1939 714 1978 Et
735 1938 900 1978 dictum
913 1940 1142 1992 gardinum
1158 1939 1276 1992 jacet
1295 1940 1457 1979 ibidem
1472 1939 1600 1993 juxta
1619 1941 1849 1994 gardinum

320 2002 501 2041 Walteri
526 2002 640 2055 Gyll,
672 2002 864 2042 buttant.
897 2016 1023 2055 super
1054 2003 1286 2056 gardinum
1317 2003 1470 2043 Isoldae
1500 2003 1674 2043 Milner.
1735 2004 1851 2043 Item

321 2066 440 2105 aliud
454 2066 740 2119 messuagium
753 2066 869 2119 jacet
885 2067 930 2105 in
948 2066 1192 2120 Annesgate
1208 2067 1336 2119 juxta
1350 2068 1620 2121 mesuagium
1637 2067 1851 2121 quondam

325 2129 493 2169 Radulfi
531 2129 584 2168 de
614 2128 781 2182 Kirkby
810 2142 861 2168 ex
893 2132 1014 2182 parte
1050 2143 1148 2179 una,
1186 2133 1231 2169 et
1266 2131 1536 2184 mesuagium
1560 2131 1767 2171 Willelmi
1798 2131 1853 2170 de

325 2193 430 2246 Brig
452 2206 503 2232 ex
524 2195 643 2245 parte
665 2192 811 2232 altera.
874 2193 989 2232 Item
1010 2206 1095 2232 una
1115 2206 1210 2232 acra
1241 2196 1285 2232 et
1316 2207 1402 2233 una
1426 2194 1527 2234 roda
1556 2198 1681 2234 terrae
1706 2194 1854 2247 jacent

326 2259 433 2309 aput
455 2255 648 2296 Stobtres
665 2254 728 2310 (?)
749 2256 864 2295 inter
884 2259 1043 2295 terram
1065 2256 1273 2296 willelmi
1291 2257 1472 2309 Dayuell
1487 2271 1537 2297 ex
1551 2261 1671 2310 parte
1688 2257 1853 2308 boriali,

329 2324 373 2359 et
403 2323 561 2358 terram
582 2319 762 2358 Walteri
793 2320 847 2359 de
878 2320 1015 2359 Ledes
1047 2333 1098 2359 ex
1129 2323 1249 2373 parte
1280 2321 1472 2371 australi,
1503 2321 1693 2361 buttant.
1728 2334 1855 2374 super

329 2385 489 2421 terram
520 2380 730 2422 Johannis
762 2382 815 2422 de
837 2382 992 2423 Cloter'
1012 2396 1160 2423 versus
1191 2384 1416 2424 orientem.
1478 2384 1592 2424 Item
1623 2388 1711 2424 tres
1742 2384 1854 2424 rodae

330 2449 456 2485 terrae
482 2444 630 2498 jacent
660 2459 790 2498 prope
821 2446 981 2486 ibidem
1007 2445 1133 2500 juxta
1163 2450 1320 2487 terram
1341 2447 1522 2487 Walteri
1554 2448 1624 2487 del
1647 2447 1856 2488 Chambre

101 2529 286 2566 Grenegate.
332 2509 524 2548 buttant.
549 2522 675 2561 super
698 2509 956 2563 Grenegate.
1019 2510 1132 2550 Item
1165 2524 1249 2550 una
1278 2524 1372 2550 acra
1399 2512 1511 2564 prati
1538 2511 1716 2551 insimul
1741 2511 1858 2565 jacet

105 2593 274 2632 Halykeld.
332 2574 440 2625 aput
476 2571 705 2625 Halykeld.
780 2573 892 2612 Item
929 2586 1016 2613 una
1049 2587 1144 2614 acra
1177 2577 1223 2614 et
1258 2575 1437 2614 dimidia
1476 2575 1587 2628 prati
1623 2574 1772 2628 jacent
1811 2575 1857 2614 in

102 2662 260 2699 Lemyng-
334 2633 650 2688 Lemyngholm
673 2635 718 2673 in
750 2635 914 2674 duobus
937 2636 1039 2676 locis
1065 2636 1191 2690 juxta
1215 2640 1373 2677 terram
1404 2636 1613 2678 Johannis
1644 2638 1858 2687 Bowland‚

102 2701 197 2730 h<>¹¹¹¹·
335 2698 544 2740 Johannis
577 2697 798 2747 Euerwak,
832 2701 876 2737 et
909 2698 1082 2739 Thomae
1116 2701 1185 2740 del
1219 2701 1356 2754 Myre.
1418 2702 1532 2741 Item
1564 2715 1650 2740 una
1681 2702 1860 2741 dimidia

103 2784 262 2815 Randker.
334 2776 428 2802 acra
449 2763 559 2814 prati
581 2762 757 2801 insimul
783 2760 901 2813 jacet
922 2776 1051 2815 prope
1074 2764 1288 2816 Randker,
1311 2767 1356 2805 et
1376 2778 1463 2804 una
1482 2765 1583 2805 roda
1602 2768 1726 2805 terrae
1742 2764 1860 2818 jacet

104 2850 264 2879 Sknlman-
333 2827 378 2865 in
423 2825 723 2878 Skelmanleya
757 2825 886 2877 juxta
920 2829 1077 2866 terram
1108 2827 1329 2868 Elizabeth
1362 2829 1415 2868 de
1453 2827 1631 2880 Snayth,
1667 2829 1858 2868 buttant.

103 2891 162 2927 1⁰5·
336 2901 461 2940 super
504 2888 772 2927 Morolandes
815 2901 960 2928 versus
991 2893 1198 2931 austrum.
1261 2891 1457 2931 Concessi
1499 2892 1632 2930 eciam
1674 2895 1719 2930 et
1760 2891 1869 2930 dedi*
