1935 3151
74 144 168 190 190

69 604 155 635 John
172 604 207 633 de

72 644 172 673 Stowe

71 688 182 720 grants
197 692 216 711 a

71 725 141 751 rent
155 723 189 751 of
207 724 259 759 6s.‚

70 762 176 790 which

71 799 182 838 Henry

70 840 223 868 Attekeld

70 879 128 908 has
142 879 216 917 paid
232 881 263 908 to

70 918 150 947 him.

73 995 216 1025 Berford-

71 1038 153 1072 gate.

69 2334 254 2364 witnesses.

71 2461 163 2497 April
182 2462 227 2496 16,

69 2509 134 2528 Λ.υ.
155 2502 239 2529 1364.

68 2779 178 2816 Henry

67 2817 216 2847 Attekeld

67 2857 127 2885 aud
148 2857 260 2894 Agnes,

789 155 1062 187 MEMORIALs
1098 155 1155 186 OF
1195 155 1351 187 RIPoN.

303 268 523 309 antedicta
546 268 772 308 existentis
796 268 954 307 vidisse
987 270 1030 306 et
1063 267 1301 319 inspexisse
1333 267 1579 321 diligenter,
1602 267 1644 306 in
1678 267 1834 321 quibus

303 334 490 372 vidimus
513 338 558 372 et
579 333 881 386 comperimus,
904 335 1032 384 prout
1062 329 1131 370 hic
1153 331 1334 378 inferius
1357 331 1603 371 continetur
1633 332 1685 372 de
1709 332 1836 372 verbo

301 398 354 437 ad
376 397 553 437 verbum
577 398 720 436 omnia
741 395 927 436 fideliter
948 395 1174 435 contineri.

993 517 1148 562 (XCII.)

394 591 536 632 Sciant
570 593 803 644 praesentes
846 592 890 629 et
930 588 1068 628 futuri
1109 588 1222 642 quod
1256 603 1335 643 ego
1377 587 1609 640 Johannes,
1641 590 1756 630 filius
1790 594 1831 631 et

303 655 439 696 haeres
463 655 633 694 Ricardi
664 654 716 694 de
750 654 888 694 Stowe
920 654 973 693 de
1005 652 1159 706 Ripon’
1191 653 1305 704 dedi,
1327 654 1531 704 concessi,
1555 658 1600 694 et
1627 653 1705 694 hac
1726 669 1834 708 prae-

305 721 416 760 senti
439 723 555 758 carta
577 732 672 758 mea
692 717 939 758 confirmavi
961 715 1150 757 „Iohanni
1168 717 1342 757 Hubert
1364 721 1408 757 et
1430 718 1453 758 J
1460 716 1618 758 ohanni
1640 718 1692 758 de
1707 718 1837 773 Clynt

304 784 458 824 seniori
499 784 551 823 de
588 782 755 836 Ripon’,
797 782 1043 835 capellaniS,
1085 780 1328 822 haeredibus
1370 786 1416 822 et
1457 783 1686 836 assignatis
1731 784 1836 834 suis,

302 862 440 888 unum
460 862 653 888 annuum
669 847 889 887 redditum
903 861 975 886 sex
995 846 1240 898 solidorum,
1258 860 1388 900 quem
1403 847 1616 887 Henricus
1633 847 1834 887 Attekeld

303 913 355 952 de
381 913 624 966 Bondegate
649 912 808 952 solvere
833 910 994 951 sole-bat
1015 909 1148 950 michi
1174 925 1250 965 pro
1276 925 1362 951 uno
1393 912 1598 966 burgagio
1620 925 1717 951 cum
1740 925 1836 965 per-

302 978 504 1017 tinenciis
530 976 702 1030 J‘acente
728 976 772 1015 in
800 974 1079 1028 Berfordgate
1111 975 1155 1014 in
1183 975 1352 1028 Ripon',
1376 979 1421 1015 et
1449 975 1674 1015 dimidiam
1695 989 1834 1015 acram

303 1042 413 1094 prati
430 1041 591 1094 jacent.
614 1041 659 1079 in
682 1039 905 1079 Randkerr
927 1040 971 1078 in
1003 1052 1152 1092 campo
1184 1039 1236 1079 de
1258 1039 1522 1093 Bondegate,
1544 1053 1638 1093 quae
1660 1040 1835 1093 quidem

302 1106 561 1160 burgagium
584 1108 629 1144 et
650 1107 821 1157 pratum
852 1103 1081 1157 praedictus
1114 1103 1330 1143 Henricus
1362 1109 1407 1143 et
1429 1104 1571 1157 Agnes
1603 1118 1708 1143 uxor
1739 1103 1833 1157 ejus

302 1168 461 1209 habent
498 1183 548 1209 ex
589 1168 860 1208 concessione
893 1181 1002 1217 mea,
1043 1171 1172 1220 prout
1212 1168 1258 1207 in
1301 1168 1458 1221 scripto
1499 1168 1598 1207 inde
1641 1167 1834 1208 confecto

302 1234 473 1287 plenius
507 1233 769 1272 continetur.
833 1231 1035 1272 Concessi
1071 1232 1205 1272 eciam
1240 1235 1284 1272 et
1317 1232 1416 1272 dedi
1449 1232 1612 1272 eisdem
1646 1231 1833 1272 Johanni

303 1298 475 1338 Hubert
495 1301 540 1337 et
561 1298 588 1338 J
591 1296 772 1337 ohannis
795 1297 848 1336 de
872 1296 1014 1349 Clynt,
1033 1309 1160 1335 omne
1176 1296 1249 1349 jus
1273 1300 1318 1336 et
1339 1296 1549 1336 clameum
1572 1310 1718 1335 meum
1739 1310 1834 1350 quae

302 1361 438 1401 habeo
460 1362 527 1401 vel
549 1360 705 1401 habere
732 1365 882 1414 potero
913 1361 957 1399 in
986 1360 1189 1413 praedicto
1220 1360 1429 1414 burgagio
1457 1363 1501 1400 et
1527 1360 1707 1400 dimidia
1737 1374 1832 1401 acra

303 1426 427 1479 prati,
450 1425 517 1465 vel
548 1425 661 1478 quod
683 1423 814 1463 michi
849 1438 924 1464 seu
954 1423 1195 1464 haeredibus
1228 1425 1336 1464 meis
1368 1424 1646 1477 quandolibet
1677 1425 1836 1478 poterit

302 1491 525 1543 respicere,
559 1489 795 1529 secundum
827 1489 928 1537 vim,
950 1487 1144 1538 formam,
1167 1491 1212 1528 et
1244 1488 1447 1527 effectum
1478 1488 1745 1541 quarundem
1767 1489 1833 1528 in-

302 1554 582 1593 denturarum
605 1554 720 1592 inter
741 1566 811 1592 me
834 1556 878 1592 et
899 1552 1066 1592 dictum
1088 1552 1327 1591 Henricum
1347 1551 1569 1603 factarum,
1587 1551 1833 1592 habendum

302 1622 347 1657 et
356 1617 677 1671 percipiendum
692 1617 945 1670 praedictum
960 1630 1152 1656 annuum
1165 1616 1385 1656 redditum
1401 1630 1472 1656 sex
1488 1616 1719 1656 solidorum
1734 1630 1833 1656 cum

302 1682 581 1735 pertinenciis
612 1680 801 1734 praefatis
833 1680 1022 1722 ,Iohanni
1055 1683 1100 1720 et
1130 1679 1332 1730 Johanni,
1355 1679 1596 1720 haeredibus
1628 1684 1673 1720 et
1697 1681 1833 1735 assig-

301 1746 415 1786 natis
441 1746 526 1785 suis
548 1745 600 1785 ad
623 1744 733 1785 festa
764 1744 1040 1785 Pentecostes
1065 1747 1109 1784 et
1142 1744 1287 1785 Sancti
1319 1745 1499 1784 Martini
1520 1745 1565 1784 in
1585 1758 1710 1798 yeme
1731 1743 1834 1800 (per

301 1808 539 1863 oequales)¹
563 1809 798 1863 porciones,
821 1823 920 1848 cum
948 1812 1041 1848 toto
1061 1807 1161 1862 jure
1190 1812 1236 1848 et
1266 1809 1427 1848 clameo
1456 1822 1551 1848 meo
1573 1807 1708 1848 forma
1729 1822 1808 1861 pras

301 1874 428 1914 dicta.
490 1874 547 1913 Et
568 1887 646 1927 ego
668 1874 897 1926 praedictus
920 1873 947 1913 J
950 1871 1141 1912 ohannes
1175 1877 1220 1912 et
1247 1871 1437 1912 haeredes
1463 1872 1550 1912 mei
1579 1872 1832 1926 praedictum

299 1951 491 1977 annuum
512 1937 732 1977 redditum
765 1951 837 1977 sex
869 1937 1100 1976 solidorum
1123 1950 1222 1976 cum
1243 1939 1335 1976 toto
1358 1935 1457 1989 jure
1480 1939 1525 1975 et
1555 1936 1717 1976 clameo
1737 1949 1833 1976 meo

300 2002 344 2041 in
368 2001 529 2041 eisdem
550 2001 759 2055 burgagio
781 2005 826 2041 et
847 2001 1026 2041 dimidia
1048 2014 1142 2040 acra
1172 2001 1284 2053 prati
1307 2015 1405 2040 cum
1427 2001 1705 2054 pertinenciis
1730 2001 1831 2049 suis,

300 2065 503 2119 praedicto
534 2064 723 2106 ,Iohanni
755 2065 928 2105 Hubert
960 2069 1004 2105 et
1035 2063 1223 2105 Johanni
1255 2065 1308 2104 de
1342 2064 1485 2117 Clynt,
1517 2063 1756 2104 haeredibus
1788 2069 1832 2104 et

300 2130 534 2184 assignatis
574 2129 677 2178 suis,
715 2129 951 2168 secundum
987 2128 1167 2168 formam
1204 2129 1466 2181 praedictam,
1503 2132 1650 2168 contra
1683 2142 1831 2168 omnes

299 2197 452 2248 gentes
474 2192 843 2233 warantizabimus
866 2195 910 2232 et
931 2192 1214 2232 defendemus
1236 2193 1571 2247 imperpetuum.
1634 2193 1686 2232 In
1708 2191 1830 2246 cujus

300 2258 362 2297 rei
403 2257 704 2297 testimonium
747 2255 848 2296 huic
893 2256 1094 2309 praesenti
1135 2259 1263 2296 cartae
1303 2270 1409 2296 meae
1451 2256 1641 2310 sigillum
1683 2270 1828 2296 meum

302 2321 493 2373 apposui.
568 2320 666 2359 Hiis
708 2320 913 2369 testibus,
958 2320 1123 2373 Rogero
1165 2319 1217 2359 de
1265 2318 1497 2370 Clotheru’,
1539 2318 1732 2360 Johanne
1774 2321 1828 2360 de

304 2383 508 2432 Shirwod,
532 2384 717 2423 Roberto
748 2384 801 2423 de
833 2383 1075 2433 Brunhous,
1097 2383 1313 2423 Willelmo
1343 2384 1396 2423 de
1420 2383 1610 2432 Scotton,
1632 2383 1829 2423 Johanne

302 2449 355 2488 de
397 2447 590 2497 Tanfeld‚
628 2451 673 2486 et
714 2448 866 2488 multis
908 2449 1018 2488 aliis.
1093 2449 1190 2488 Dat.
1222 2448 1335 2501 apud
1379 2448 1545 2501 Ripon’,
1577 2449 1646 2488 die
1678 2449 1829 2488 Martis

302 2526 416 2566 prox.
446 2515 547 2551 ante
576 2511 736 2550 festum
767 2512 913 2552 Sancti
943 2513 1117 2565 Georgii
1150 2512 1355 2561 Martiris,
1378 2513 1501 2551 Anno
1533 2512 1706 2552 Domini
1729 2513 1829 2552 Mil-

300 2576 450 2616 lesimo
472 2578 589 2614 ccc¹¹¹⁰
614 2576 877 2628 sexagesimo
899 2580 1062 2629 quarto.

974 2697 1149 2741 (Xom.)

386 2767 596 2808 Omnibus
619 2781 807 2821 praesens
831 2768 1037 2821 scriptum
1060 2768 1214 2807 visuris
1238 2768 1305 2807 vel
1327 2767 1551 2806 audituris.
1613 2767 1826 2806 Henricus

299 2831 516 2881 Attekeld,
549 2845 727 2871 manens
759 2832 803 2870 in
836 2831 1086 2884 Bondegate
1113 2830 1239 2884 juxta
1270 2831 1437 2883 Ripon',
1471 2834 1515 2870 et
1546 2832 1688 2884 Agnes
1721 2844 1823 2870 uxor

815 2906 871 2950 (1)
900 2905 985 2939 Skin
1005 2906 1192 2952 destroyed
1212 2906 1302 2941 here.
