1915 3068
462 136 695 169 EXCERPTS
732 135 859 168 FROM
896 135 1201 178 CIIRONICLES,
1240 136 1334 169 ETC.

126 249 346 302 placitare.
408 248 466 288 Et
487 248 601 302 quod
623 249 871 288 Viceoomes
892 261 969 288 nec
991 247 1102 287 alius
1124 247 1309 288 ballivus
1340 248 1505 288 domini
1529 248 1660 301 Regis

125 314 262 353 intret
292 313 414 353 villas
447 313 671 366 praedictas
704 313 758 352 ad
788 312 961 366 aliquod
993 312 1180 352 officium
1213 312 1389 352 domino
1422 312 1532 366 Regi
1564 326 1661 366 per-

124 378 270 417 tinens
304 378 628 418 excercendum.
691 378 747 417 Et
783 378 896 430 quod
925 377 1159 430 justiciarii
1194 377 1358 417 domini
1396 377 1527 430 Regis
1569 381 1659 416 tam

123 442 380 481 itinerantes
402 455 531 495 quam
559 441 783 495 assignati,
805 441 1007 494 quociens
1030 441 1082 481 ad
1104 444 1248 494 partes
1270 441 1364 481 illas
1387 441 1586 481 venerint
1606 441 1660 480 ad

123 506 432 559 placitandum,
449 507 626 546 venient
645 506 759 559 apud
774 505 895 545 villas
917 505 1140 559 praedictas
1161 505 1214 545 ad
1236 506 1381 545 omnia
1395 505 1552 558 placita
1567 508 1659 545 tam

124 569 296 610 Coronae
332 584 462 623 quam
495 570 578 609 alia
613 569 775 610 ibidem
808 569 1080 623 emergencia
1116 569 1376 623 placitanda‚
1413 572 1458 609 et
1494 568 1658 609 felones

123 634 288 674 domini
323 634 455 689 Regis
486 634 598 674 infra
629 633 752 674 villas
783 634 1008 687 praedictas
1038 637 1271 687 receptare.
1334 634 1392 674 Et
1423 632 1580 674 habere
1612 635 1658 673 in

123 699 315 738 manerio
338 713 414 738 suo
436 699 489 738 de
509 698 818 738 PATRINGTONl
843 701 1097 746 mereatum,
1126 698 1281 748 furcas,
1307 695 1658 752 (ἰνῑῇαῃῃθηεΐήᾅ,

122 761 236 803 wrek
258 766 302 803 et
322 762 450 817 weyf,
468 766 512 803 et
528 763 709 803 liberam
726 776 969 802 warennam
991 763 1036 801 in
1059 763 1260 802 omnibus
1282 762 1509 802 dominicis
1531 763 1658 802 terris

125 828 212 867 suis
234 828 279 866 in
302 827 511 876 BURTON',
533 826 744 877 WILTON’‚
767 827 923 875 Rmmr,
946 826 1167 877 OTTELEY,
1190 826 1392 876 CAWODE,
1408 827 1659 877 W1srowE,²

122 891 435 941 LEUENATON',³
454 891 741 932 PASSEBRIGG’
754 891 769 914 ⁴
792 894 838 931 et
860 890 1114 941 3=11LF0R1>2⁵
1132 894 1177 930 et
1199 891 1381 930 liberam
1398 889 1596 931 chaceam
1613 891 1658 930 in

123 955 260 995 boscis
289 955 341 995 de
370 955 661 995 NIDDERDALE
683 958 726 995 et
748 953 1035 995 THORNTON’.6
1096 955 1154 994 Et
1175 954 1331 995 habere
1354 958 1591 994 mercatum
1614 959 1660 994 et

122 1019 289 1069 feriam,
319 1017 671 1074 infangyenethes,
703 1022 749 1059 et
778 1018 932 1068 furcas,
954 1018 1001 1058 in
1033 1017 1239 1059 OTTELEY
1271 1027 1317 1059 et
1349 1018 1659 1059 SHYREBURNE.

122 1084 180 1123 Et
210 1082 367 1124 habere
398 1083 565 1133 feriam,
591 1081 916 1137 husgabulum‚⁷
938 1082 1254 1136 infangenthef,
1286 1082 1442 1132 furcas,
1473 1084 1658 1123 tercium

122 1147 349 1187 denarium
365 1146 574 1188 theolonii
591 1147 643 1188 de
660 1146 977 1197 FOSSEBRlGG'‚⁸
995 1151 1040 1186 et
1055 1147 1162 1187 duos
1179 1161 1336 1187 cuneos
1353 1148 1406 1187 ad
1423 1146 1657 1188 fabricand.

123 1217 343 1251 monetam
364 1212 411 1252 in
431 1211 576 1253 Ebor.⁹
599 1215 644 1252 et
665 1211 868 1251 emendas
899 1211 1040 1251 assisae
1071 1212 1288 1251 cerevisiae
1309 1211 1454 1251 fractae
1476 1212 1522 1251 in
1544 1212 1658 1251 villis

123 1276 352 1329 praedictis.
414 1277 472 1316 Et
492 1275 649 1316 habere
674 1277 863 1329 primurn
885 1278 1050 1315 tastum
1073 1279 1118 1315 et
1138 1276 1297 1328 primas
1329 1276 1572 1329 empciones
1604 1277 1658 1316 de

123 1340 233 1380 vinis
255 1343 300 1380 et
320 1340 519 1380 omnibus
540 1340 635 1380 aliis
657 1340 934 1380 mercandisis
952 1339 1176 1379 venalibus
1197 1340 1475 1380 venientibus
1497 1341 1542 1380 in
1564 1354 1660 1394 por-

122 1406 220 1443 tum
241 1418 361 1457 aquae
383 1405 436 1444 de
458 1405 601 1455 HULL,
620 1407 665 1443 et
687 1403 966 1445 Coronatores
988 1404 1179 1456 proprios
1200 1403 1376 1444 ibidem.
1428 1404 1486 1443 Et
1501 1403 1659 1444 habere

121 1481 294 1521 parcum
328 1469 375 1508 in
404 1467 608 1518 Bavamss,
640 1467 850 1518 Boaron’,
883 1467 1178 1518 SHIREBURNE,
1211 1471 1256 1508 et
1287 1468 1458 1519 Rrpmsss
1480 1482 1575 1522 quae
1606 1469 1660 1508 ad

122 1546 322 1572 coronam
354 1535 398 1573 et
429 1533 691 1587 dignitatem
722 1533 887 1572 domini
920 1532 1052 1586 Regis
1082 1533 1319 1585 pertinent,
1353 1533 1445 1572 sine
1482 1533 1662 1573 licencia

124 1599 169 1636 et
202 1597 426 1637 voluntate
459 1597 623 1637 domini
657 1597 790 1651 Regis
823 1600 868 1636 et
900 1597 1228 1650 progenitorum
1271 1610 1447 1636 suorum
1490 1597 1661 1651 Regum

123 1660 252 1715 Angl.
276 1664 358 1701 etc.

213 1725 271 1765 Et
292 1724 648 1779 Archiepiscopus
670 1725 803 1765 venit.
867 1725 923 1765 Et
945 1725 1053 1766 dicit
1074 1725 1188 1779 quod
1209 1725 1301 1778 ipse
1322 1724 1479 1765 clamat
1499 1723 1661 1779 infan-

122 1787 302 1843 genthef
340 1790 386 1829 in
422 1790 537 1830 villis
578 1789 794 1843 praedictis
826 1789 879 1829 ab
911 1790 1104 1842 antiquo,
1137 1792 1182 1829 et
1220 1789 1421 1829 similiter
1451 1789 1661 1844 utfcmye-

123 1851 226 1907 thes,
258 1855 303 1893 in
338 1853 416 1894 hac
452 1854 602 1904 forma,
635 1854 838 1894 videlicet
870 1854 984 1908 quod
1018 1855 1052 1893 si
1084 1854 1240 1907 aliquis
1272 1853 1424 1894 fecerit
1454 1854 1660 1895 feloniam

121 1917 235 1957 infra
268 1918 516 1959 libertatem
554 1932 675 1958 suam
709 1918 761 1958 de
791 1919 1054 1958 BEVERLACO
1092 1918 1160 1958 vel
1192 1918 1393 1969 RYPOUN‚
1428 1922 1474 1958 et
1510 1922 1660 1973 captus

122 1980 255 2022 fuerit
276 1983 321 2021 in
342 1982 546 2036 geldabili
567 1983 812 2033 comitatus,
835 1985 931 2033 etc„
948 1982 1182 2036 justiciarii
1199 1983 1405 2037 assignati
1426 1983 1479 2023 ad
1493 1984 1660 2037 gaolam

122 2044 446 2086 deliberandam
479 2046 725 2087 liberabunt
755 2047 925 2101 integre
957 2045 1207 2100 hujusmodi
1239 2047 1457 2100 prisonem
1490 2048 1659 2089 ballivis

123 2109 257 2162 ipsius
299 2109 619 2164 Archiepiscopi
662 2111 715 2151 ad
750 2110 1038 2164 judicandum
1079 2111 1125 2150 in
1167 2112 1284 2151 curia
1327 2125 1402 2151 sua
1443 2111 1658 2152 libertatis

121 2173 352 2226 praedictae.
385 2175 441 2215 Et
465 2175 501 2215 si
522 2175 679 2229 aliquis
701 2173 928 2215 hominum
950 2176 1087 2228 ipsius
1109 2174 1431 2229 Archiepiscopi
1454 2176 1507 2216 de
1529 2176 1659 2217 liber-

121 2237 288 2278 tatibus
309 2239 525 2292 praedictis
547 2243 697 2293 captus
719 2242 765 2280 et
786 2240 1047 2293 dampnatus
1068 2239 1202 2280 fuerit
1232 2240 1277 2279 in
1299 2240 1505 2294 geldabili
1527 2243 1659 2280 comi-

123 2303 243 2342 tatus
274 2316 350 2356 pro
371 2302 542 2343 feloniis
563 2303 688 2343 factis
720 2304 765 2343 in
796 2304 1015 2358 geldabili,
1038 2307 1136 2354 etc„
1158 2304 1307 2344 ballivi
1340 2303 1658 2358 Archiepiscopi

194 2415 251 2459 (1)
278 2415 497 2450 Pormerox
514 2416 551 2450 in
567 2416 628 2451 the
646 2416 788 2463 printed
807 2416 953 2451 edition.

194 2467 250 2513 (2)
277 2467 450 2503 Between
468 2468 578 2514 Selby
595 2469 666 2503 and
684 2468 855 2512 Cawood,
875 2470 897 2502 3
915 2469 1018 2503 miles
1035 2468 1145 2504 N.W.
1165 2468 1211 2515 by
1229 2468 1273 2504 N.
1293 2468 1333 2503 of
1347 2469 1467 2515 Selby.

194 2519 251 2564 (3)
278 2519 495 2565 Lennerton‚
511 2520 548 2555 in
565 2521 628 2555 the
645 2520 767 2566 pal-ish
785 2520 825 2554 of
838 2519 1033 2555 Sherburn.

195 2572 252 2616 (4)
282 2571 329 2606 So
347 2572 385 2606 in
402 2572 493 2616 MS„
510 2572 694 2608 doubtless
711 2572 767 2607 for
784 2572 1031 2607 Fossmmme.

194 2624 250 2668 (5)
278 2623 394 2659 South
411 2625 572 2670 Milford,
589 2625 627 2660 in
643 2625 705 2660 the
723 2625 841 2671 pai-ish
860 2625 902 2659 of
915 2625 1112 2661 Sherburn.

119 2726 155 2761 R
193 2676 249 2722 (6)
277 2676 412 2723 Bishop
445 2677 644 2722 Thornton,
672 2677 708 2712 in
738 2678 799 2712 the
828 2677 958 2723 liberty
985 2678 1026 2713 of
1055 2678 1188 2724 Ripon,
1223 2680 1267 2723 33
1299 2678 1403 2713 miles
1432 2678 1464 2713 N
1470 2678 1592 2715 .N.W.
1620 2680 1660 2714 of

156 2727 262 2774 ipley.

195 2779 251 2824 (7)
278 2779 496 2816 House-tax.

195 2832 250 2877 (8)
276 2832 456 2880 WVrongly
474 2835 706 2870 FASSEBUGG'
723 2835 761 2869 in
779 2835 923 2881 printed
942 2835 1086 2870 edition.

194 2885 251 2929 (9)
279 2884 345 2919 See
363 2897 396 2931 p.
417 2887 486 2921 198
504 2887 544 2920 of
565 2887 706 2933 printed
727 2888 888 2922 Flac-ita:
917 2888 999 2922 Rot.
1020 2889 1065 2921 84
1079 2900 1112 2921 v.

857 2960 877 2980 Ε
899 2952 917 2980 2

1833 122 1892 170 67

1693 1159 1794 1189 Mints
1809 1162 1843 1189 at

1693 1199 1788 1228 York.

1692 1288 1760 1317 The
1775 1289 1842 1319 first

1694 1331 1776 1357 taste
1790 1329 1825 1357 of

1694 1368 1800 1403 wines,
1815 1370 1874 1398 etc.

1695 1408 1819 1443 coming

1695 1446 1762 1476 into
1778 1447 1869 1477 Hull.

1693 1735 1759 1765 The
1774 1736 1867 1765 arch-

1693 1775 1833 1813 bishop's

1694 1815 1831 1845 defenee.
