1955 3068
84 141 179 187 134

81 340 149 361 Ad).
166 333 252 362 1386.

81 387 217 416 Thomas

81 427 256 464 Pal-{hardy

80 467 143 495 and
156 467 254 503 Alice,

79 505 128 534 his
142 505 222 542 wife,

80 546 174 582 grant
190 554 208 573 a

81 587 149 612 rent
163 584 197 612 of

77 1045 109 1087 to
125 1042 212 1071 three

77 1090 189 1110 v1cars.

78 1232 188 1262 Powcr
203 1237 234 1264 to

75 1272 218 1303 distrain.

76 1810 258 1841 witnesses.

74 1997 160 2028 June
177 1999 221 2027 11.

76 2252 115 2280 so.
135 2253 189 2280 1⁰3
206 2262 231 2287 c,
248 2263 272 2281 υ.

77 2291 160 2318 John
177 2291 214 2319 (lc

78 2330 193 2367 Clyntc

78 2369 226 2397 transfers

77 2408 130 2436 the
146 2408 244 2437 :above

77 2450 109 2474 to
125 2447 211 2476 thr-cc

77 2486 166 2514 other

78 2524 189 2554 vicars.
205 2525 273 2554 Oet.

79 2564 125 2594 28,
149 2565 229 2592 1111.

81 2617 261 2648 &Vitnvssca

797 152 1073 189 MEMORIALS
1108 153 1168 189 OF
1202 153 1362 190 RIPON,

983 264 1177 311 (van.)

403 333 550 375 Sciant
579 338 812 388 praesentes
844 339 889 375 et
918 334 1055 376 futuri
1087 335 1200 389 quod
1228 349 1306 376 nos
1336 334 1521 375 Thomas
1541 333 1768 390 Pakhardy
1789 334 1843 377 de

313 397 480 451 Ripon’,
522 403 567 439 et
609 399 746 439 Alicia
786 413 892 439 uxor
931 412 1041 449 mea,
1083 399 1295 449 dedimus,
1337 400 1638 450 concessimus,
1680 404 1725 439 et
1765 399 1844 439 hac

312 463 512 513 praesenti
535 467 650 502 carta
671 467 815 503 nostra
836 463 1197 513 confirmavimus,
1213 463 1396 503 dominis
1418 462 1599 503 Ricardo
1619 461 1673 503 de
1688 461 1844 503 Wake-

310 526 438 578 felde‚
471 528 659 569 Johanni
702 530 753 569 de
791 528 1057 583 Bondegate,
1092 534 1137 570 et
1170 529 1358 570 Johanni
1391 530 1444 570 de
1481 529 1634 583 Clynte
1664 529 1843 583 juniori,

311 592 477 632 vicariis
510 593 696 633 ecclesiae
718 593 954 647 collegiatae
985 593 1152 647 Ripon’,
1174 594 1388 647 quendam
1408 606 1602 633 annuum
1622 592 1842 634 redditum

212 673 223 691 >
266 679 278 684 -
309 657 444 695 trium
467 657 696 696 solidorum
713 661 758 697 et
778 661 961 710 quatuor
981 658 1254 697 denariorum
1275 662 1432 697 extunc
1453 657 1506 697 de
1527 670 1616 697 uno
1634 657 1843 712 burgagio

310 719 356 758 in
393 719 535 772 Ripon
568 721 613 759 in
640 718 677 760 le
712 718 1014 771 Marketstede,
1052 722 1164 761 sicut
1193 720 1311 774 jacet
1342 722 1457 761 inter
1488 721 1758 775 mesuagium
1794 722 1841 761 in

309 786 463 822 tenura
485 783 513 823 J
515 783 696 823 ohannis
717 783 770 824 de
792 784 1000 838 Berwyke
1029 798 1080 824 ex
1107 798 1194 824 una
1214 789 1350 838 parte,
1373 788 1418 824 et
1439 785 1709 838 mesuagium
1734 783 1843 823 Wil-

308 846 428 885 lelmi
463 847 504 887 le
537 847 712 888 Raskell
750 861 801 887 ex
832 848 968 888 altera
1007 852 1145 901 parte,
1181 848 1505 902 percipiendum
1540 849 1594 888 ad
1635 848 1842 888 terminos

308 910 585 950 Pentecostes
617 914 663 951 et
695 911 842 951 Sancti
873 911 1055 951 Martini
1085 913 1132 951 in
1162 926 1287 965 yeme
1308 925 1384 966 per
1403 912 1590 965 aequales
1609 913 1841 965 porciones.

310 974 367 1013 Et
393 987 470 1013 nos
500 988 599 1014 vero
627 975 822 1027 praedicti
859 973 1044 1015 Thomas
1080 979 1126 1015 et
1158 975 1307 1026 Alicia,
1336 975 1517 1016 heredes
1553 979 1598 1015 et
1633 975 1840 1029 assignati

308 1038 458 1087 nostri,
479 1038 735 1090 praedictum
765 1052 959 1078 annuum
989 1038 1210 1079 redditum
1240 1039 1542 1092 praedictorum
1572 1039 1708 1078 trium
1740 1039 1841 1078 soli-

309 1101 461 1140 dorum
494 1104 539 1141 et
571 1105 755 1154 quatuor
790 1102 1061 1143 denariorum
1091 1101 1280 1155 praefatis
1315 1103 1510 1154 Ricardo,
1551 1101 1754 1152 Johanni,
1796 1106 1842 1142 et

308 1163 510 1215 Johanni,
552 1164 782 1206 heredibus
825 1170 869 1206 et
909 1167 1139 1221 assignatis
1180 1167 1282 1216 suis,
1313 1170 1460 1206 eontra
1500 1179 1647 1206 omnes
1688 1170 1842 1220 gentes

309 1229 688 1279 warantizabimus,
712 1234 755 1269 et
777 1230 1099 1283 imperpetuum
1121 1230 1420 1271 defendemus.
1480 1229 1538 1269 Et
1560 1230 1595 1270 si
1616 1230 1842 1284 contingat

306 1292 559 1344 praedictum
581 1306 775 1333 annuum
797 1294 1016 1334 redditum
1036 1295 1172 1333 trium
1195 1294 1423 1333 solidorum
1442 1297 1487 1333 et
1507 1297 1691 1346 quatuor
1706 1293 1841 1333 dena-

304 1355 466 1395 riorum
487 1369 512 1395 a
531 1360 646 1395 retro
669 1370 760 1396 esse
791 1358 837 1396 in
868 1360 988 1410 parte
1020 1357 1088 1398 vel
1118 1358 1164 1396 in
1196 1361 1289 1397 toto
1319 1358 1372 1397 ad
1394 1357 1581 1411 aliquem
1602 1357 1840 1397 terminum

306 1432 392 1473 quo
415 1419 519 1458 solvi
543 1420 698 1460 debeat
728 1434 804 1473 per
836 1421 1121 1475 quadraginta
1146 1421 1237 1461 dies
1270 1422 1305 1460 si
1335 1424 1524 1474 petatur,
1546 1420 1659 1473 quod
1682 1425 1841 1460 extunc

311 1485 417 1522 bene
439 1482 563 1522 liceat
587 1483 776 1536 praefatis
798 1484 993 1533 RicardO,
1015 1484 1043 1525 J
1046 1483 1220 1535 ohanni,
1242 1488 1288 1524 et
1309 1485 1336 1526 J
1339 1483 1511 1534 ohanni‚
1533 1483 1764 1524 heredibus
1795 1488 1842 1523 et

306 1559 452 1586 eorum
490 1547 716 1600 assignatis
744 1548 789 1587 in
824 1548 1027 1601 praedicto
1063 1547 1270 1602 burgagio
1306 1562 1405 1588 cum
1439 1549 1525 1587 suis
1562 1548 1841 1601 pertinenciis

305 1610 577 1664 distringere,
595 1615 639 1650 et
660 1612 952 1651 districciones
968 1611 1069 1651 inde
1083 1612 1293 1652 deducere
1312 1616 1355 1652 et
1371 1616 1600 1665 asportare,
1617 1624 1838 1664 quousque

306 1673 358 1712 de
390 1674 594 1726 praedicto
625 1688 766 1714 annuo
808 1675 996 1725 redditu,
1029 1679 1073 1715 et
1104 1675 1157 1715 de
1189 1676 1413 1729 arreragiis
1456 1676 1490 1715 si
1531 1689 1625 1730 quae
1658 1674 1837 1725 fuerint,

307 1737 496 1789 plenarie
533 1737 666 1778 fuerit
703 1738 984 1779 satisfactum.
1046 1740 1099 1779 In
1133 1738 1255 1792 cujus
1291 1740 1355 1778 rei
1395 1739 1697 1779 testimonium
1737 1737 1838 1779 huic

305 1802 507 1853 praesenti
539 1805 664 1841 cartae
696 1802 837 1856 sigilla
871 1806 1016 1842 nostra
1052 1803 1342 1856 apposuimus.
1404 1803 1502 1843 Hiis
1533 1803 1732 1852 testibus,
1763 1802 1838 1843 Jo-

307 1863 448 1904 hanne
470 1865 522 1905 de
545 1865 839 1919 Hawkeswyk‚
861 1866 1040 1906 Ricardo
1061 1867 1113 1906 de
1130 1866 1354 1920 Sunnyng‚
1373 1866 1588 1906 Willehno
1609 1867 1662 1907 de
1685 1866 1838 1916 Ledes,

307 1928 523 1968 willelmo
545 1930 596 1968 de
619 1928 856 1980 Thornton,
878 1930 904 1970 J
908 1930 1076 1970 ohanne
1097 1931 1149 1970 de
1173 1930 1327 1982 Stowe,
1350 1934 1394 1970 et
1414 1931 1522 1971 aliis.

395 1993 493 2033 Dat.
525 1994 638 2046 apud
675 1994 829 2047 Ripon'
858 1995 904 2034 in
940 1994 1052 2035 festo
1093 1994 1240 2035 Sancti
1273 1995 1456 2035 Barnabi
1498 1992 1604 2050 (sic)
1643 1994 1838 2049 apostoli,

308 2057 431 2096 Anno
453 2057 625 2096 Domini
648 2058 882 2098 Millesimo
903 2059 1198 2099 tricentesimo
1219 2059 1479 2113 octogesimo
1501 2062 1634 2099 sexto.

967 2180 1184 2225 (XLVIII.)

398 2250 541 2290 Sciant
581 2255 812 2304 praesentes
845 2254 887 2290 et
920 2250 1055 2290 futuri
1087 2251 1200 2304 quod
1233 2263 1311 2304 ego
1343 2249 1561 2291 Johannes
1590 2251 1642 2291 de
1670 2251 1837 2305 Clynte‚

308 2314 567 2367 capellanus,
589 2315 702 2365 dedi,
725 2315 927 2365 concessi,
950 2318 995 2354 et
1016 2313 1094 2354 hac
1115 2315 1317 2367 praesenti
1339 2318 1454 2354 carta
1474 2328 1571 2354 mea
1591 2315 1837 2355 confirmavi

309 2378 493 2417 dominis
515 2378 541 2418 J
545 2377 702 2418 ohanni
725 2379 777 2419 de
799 2379 894 2432 Ely,
917 2378 1104 2418 Roberto
1125 2378 1304 2428 Merott,
1327 2381 1371 2418 et
1393 2378 1420 2418 J
1423 2377 1581 2418 ohanni
1604 2379 1655 2418 de
1678 2378 1837 2428 Thorn,

309 2443 527 2495 perpetuis
543 2443 708 2482 vicariis
730 2443 774 2482 in
798 2443 972 2483 ecclesia
988 2442 1213 2496 collegiata
1230 2442 1396 2495 Ripon',
1413 2443 1628 2495 quendam
1644 2456 1838 2483 annuum

309 2505 525 2545 redditum
543 2507 675 2546 trium
698 2506 925 2546 solidorum
944 2509 989 2546 et
1002 2510 1186 2559 quatuor
1203 2506 1474 2546 denariorum
1491 2505 1586 2560 (etc.
1603 2519 1654 2546 as
1674 2505 1837 2560 above).

399 2570 497 2608 Hiis
532 2570 731 2619 testibus,
758 2570 975 2609 willelmo
1008 2570 1061 2610 de
1095 2569 1247 2619 Ledes,
1272 2569 1490 2610 willelmo
1522 2570 1574 2609 de
1613 2570 1838 2620 FencoteS,

310 2632 337 2671 J
340 2631 506 2672 ohanne
528 2633 580 2672 de
604 2633 820 2686 Berwyke,
843 2633 1030 2673 Roberto
1051 2632 1270 2683 Marshall,
1287 2633 1468 2673 Ricardo
1485 2633 1537 2673 de
1554 2632 1838 2684 Richmonde,

310 2694 473 2735 Thoma
493 2696 623 2749 Pape,
646 2700 691 2736 et
711 2697 820 2737 aliis.

400 2760 496 2799 Dat.
520 2761 632 2812 apud
659 2760 825 2813 Ripon’,
847 2761 892 2800 in
918 2759 1029 2800 festo
1060 2761 1361 2813 Apostolorum
1394 2760 1591 2814 Symonis
1622 2763 1668 2800 et
1698 2760 1838 2811 Judae,

314 2823 435 2861 Anno
457 2823 628 2863 Domini
662 2824 897 2864 Millesimo
928 2824 1354 2878 quadringentesimo
1385 2824 1626 2873 undecimo,
1649 2828 1693 2864 et
1714 2825 1837 2878 regni

313 2887 424 2939 regis
448 2887 622 2927 Henrici
644 2886 735 2942 iiij‘i
756 2892 850 2941 post
873 2890 1167 2941 conquaestum
1190 2888 1354 2942 Angliae
1376 2888 1689 2928 terciodecimo.
