1915 3068
402 126 635 160 EXCERPTS
670 126 799 159 FROM
836 125 1141 169 CIIRONICLES,
1179 128 1274 160 ETC.

67 237 363 292 cujuscunque
395 237 621 291 parochiae,
644 239 846 290 ecclesiae,
869 251 944 278 seu
966 237 1140 290 capellae
1170 239 1216 278 in
1248 241 1394 279 nostra
1415 238 1602 288 dioecesi,

65 303 213 342 divino
244 302 383 342 cultui
415 303 649 356 deputatae,
681 303 840 356 absque
872 303 1048 342 rectoris
1080 302 1255 343 licentia
1287 303 1474 356 speciali,
1496 303 1601 355 quin

65 367 294 406 temerario
304 370 574 419 prosternere
585 381 660 407 seu
670 367 826 407 falcare
837 370 1081 421 praesumat,
1090 372 1165 407 aut
1174 371 1406 421 prostratas
1419 366 1602 416 auferre,

65 430 135 470 vel
156 444 354 470 amovere
377 444 453 471 seu
484 432 714 484 quicquam
740 430 852 484 juris
883 431 928 470 in
960 431 1064 483 ipsis
1087 431 1331 484 aliqualiter
1352 431 1576 471 vendicare
1591 445 1603 479 3

64 508 164 534 cum
196 508 259 545 ea,
291 508 386 547 quae
418 494 522 534 locis
553 495 764 549 religiosis
795 493 1033 544 adhaerent,
1065 495 1264 549 religiosa
1305 509 1396 536 esse
1428 496 1603 549 penitus

64 561 335 608 censeantur,
351 558 477 611 juxta
498 559 645 599 civiles
668 563 712 599 et
728 559 951 598 canonicas
967 560 1220 599 sanctiones.
1254 560 1311 599 Et
1328 559 1604 599 ecclesiarum

65 623 302 663 rectoribus
323 626 400 662 aut
421 623 603 673 vicariis,
628 637 704 663 seu
725 623 994 676 quibuslibet
1007 623 1199 676 ipsorum
1213 625 1439 674 ministris,
1452 622 1605 677 hujus-

65 687 183 727 modi
205 687 374 727 arbores
396 690 473 726 aut
495 686 673 727 herbam
696 688 739 727 in
763 687 1009 727 coemeterio
1042 691 1298 739 crescentes,
1322 689 1497 728 omnino
1518 701 1604 727 non

66 750 195 790 liceat
216 751 261 790 in
283 751 418 790 alium
441 764 567 790 usum
599 755 878 799 convertere3
910 751 993 790 nisi
1026 751 1073 790 in
1105 751 1296 792 ecclesiae
1329 765 1415 791 suae
1436 765 1604 804 repara-

65 815 243 864 tionem,
267 829 343 855 seu
363 815 707 865 aedificationem,
728 819 806 855 aut
826 815 959 855 etiam
976 815 1117 854 mansi
1134 816 1294 869 proprii
1312 816 1365 855 ad
1381 815 1604 856 ecclesiam

64 879 337 932 pertinentis.
401 878 447 919 Si
481 879 577 931 quis
609 882 758 919 autem
800 878 931 932 hujus
974 880 1131 918 statuti
1172 880 1309 919 nostri
1349 880 1606 919 temerarius

64 942 243 982 violator
265 943 475 992 extiterit,
498 943 641 996 ipsum
663 943 862 983 volumus
895 956 969 996 per
989 941 1338 983 archidiaconum
1359 943 1455 994 loci,
1479 957 1607 996 super

64 1005 144 1046 hoc
165 1020 353 1061 congrue
382 1007 654 1060 requisitum,
676 1007 875 1061 legitima
905 1007 1145 1047 monitione
1177 1008 1409 1061 praemissa,
1431 1006 1606 1060 majoris

66 1071 522 1111 excommunicationis
559 1072 776 1111 sententia
816 1070 1041 1119 innodari3
1073 1084 1097 1110 a
1129 1085 1214 1124 qua
1254 1073 1399 1125 ipsum
1430 1072 1606 1111 omnino

65 1134 227 1174 absolvi
256 1135 473 1184 nolumus,
496 1135 631 1174 donec
664 1135 867 1184 ecclesiae,
889 1135 958 1174 cui
990 1138 1139 1174 contra
1170 1148 1356 1188 praesens
1390 1137 1606 1175 statutum

66 1199 286 1239 laesionem
307 1199 376 1239 vel
407 1198 614 1252 injuriam
645 1199 913 1253 irrogaverit,
935 1198 987 1238 ad
1008 1199 1239 1239 arbitrium
1271 1198 1437 1253 praefati
1468 1198 1606 1239 archi-

65 1262 236 1303 diaconi
258 1263 511 1303 satisfecerit
532 1263 858 1316 competenter.¹

160 1368 214 1410 Ut
229 1367 432 1423 pecunia
453 1382 653 1410 concessa
667 1382 757 1424 pro
788 1367 1078 1424 reparatione
1110 1381 1258 1409 manu
1288 1367 1443 1410 ‘media
1471 1367 1606 1424 depo-

66 1433 242 1474 natur?

154 1498 283 1548 Item,
305 1497 406 1550 quia
436 1497 705 1547 cedentibus,
726 1496 793 1537 vel
814 1495 1127 1536 decedentibus
1159 1497 1375 1536 canonicis
1408 1495 1603 1536 ecclesiae

67 1564 222 1601 nostrae
253 1561 458 1612 Eborum,
491 1565 536 1601 et
570 1561 752 1601 aliarum
786 1560 1061 1600 ecclesiarum
1092 1560 1417 1615 collegiatarum
1448 1564 1604 1600 nostrae

66 1625 275 1676 dioecesis,
297 1639 464 1665 necnon
486 1625 723 1665 rectoribus
756 1628 802 1665 et
831 1625 1014 1675 vicariis,
1038 1638 1299 1665 successores
1333 1638 1482 1665 eorum
1503 1638 1605 1664 con-

68 1692 302 1729 sueverunt
334 1690 599 1729 taxationem
631 1688 882 1729 defectuum
914 1689 962 1728 in
995 1689 1271 1738 ornamentis,
1303 1688 1517 1737 cancellis,
1559 1691 1606 1728 et

68 1753 281 1804 domibus,
311 1753 365 1793 ad
406 1753 627 1803 beneficia,
658 1753 704 1792 in
746 1752 903 1806 quibus
935 1752 1230 1801 successerint,
1263 1752 1604 1804 pertinentibus,

67 1818 288 1857 interdum
310 1818 425 1857 ultra
445 1831 591 1857 veram
612 1817 946 1857 aestimationem
978 1830 1053 1870 pro
1086 1830 1163 1856 suo
1194 1816 1320 1855 libito
1352 1829 1605 1869 procurare3

70 1885 129 1931 et,
161 1883 275 1935 quod
306 1883 481 1935 gravius
513 1882 796 1935 dignoscitur,
827 1895 1001 1921 omnem
1032 1881 1276 1934 pecuniam,
1298 1880 1366 1919 vel
1397 1879 1605 1933 majorem

68 1950 237 1999 partem
260 1946 414 1986 exinde
435 1946 656 1985 redactam
677 1945 722 1984 in
744 1945 932 1997 privatos
955 1958 1057 1984 usus
1081 1957 1177 1983 suos
1200 1946 1464 1992 convertere,
1485 1943 1606 1982 nulla

69 2012 245 2063 penitus
287 2010 601 2058 emendatione,
643 2009 927 2062 reparatione,
969 2008 1038 2047 vel
1089 2007 1323 2047 refectione
1364 2006 1489 2046 factis
1530 2020 1607 2060 per

71 2075 241 2114 eosdem
264 2075 310 2113 in
342 2073 622 2122 ornamentis,
644 2072 860 2122 cancellis,
882 2075 959 2112 aut
990 2072 1187 2111 domibus
1218 2071 1496 2120 memoratis;
1528 2083 1606 2110 nos

70 2142 204 2178 tantae
226 2138 471 2191 iniquitatis
491 2150 599 2176 ausu
629 2137 858 2176 temerario
880 2136 1072 2176 volentes
1104 2135 1371 2188 competenti
1399 2135 1606 2183 remedio,

71 2205 199 2256 prout
230 2215 470 2255 possumus,
498 2200 682 2250 obviare,
704 2200 757 2239 de
790 2213 1000 2239 consensu
1031 2199 1225 2239 unanimi
1257 2198 1435 2251 capituli
1467 2198 1606 2237 nostri

70 2266 265 2319 praedicti
298 2266 546 2314 statuimus,
568 2267 634 2315 ut,
656 2263 768 2303 facta
788 2265 1007 2303 taxatione
1029 2262 1282 2303 defectuum
1302 2262 1607 2315 praedictorum

144 2361 200 2407 (1)
229 2360 341 2395 There
358 2360 387 2394 is
405 2371 424 2394 a
442 2359 677 2394 constitution
694 2358 735 2393 of
755 2358 984 2403 Archbishop
1011 2356 1192 2391 Stratford
1217 2356 1272 2391 for
1297 2356 1359 2390 the
1385 2356 1552 2402 province
1571 2355 1612 2389 of

71 2413 298 2459 Canterbury
322 2418 360 2447 to
386 2413 449 2447 the
475 2424 571 2446 same
592 2411 983 2457 effect.——Lyndwood,
1001 2409 1062 2444 lib.
1081 2409 1130 2444 iii.
1148 2409 1205 2443 tit.
1226 2410 1281 2443 28.
1333 2408 1399 2443 See
1418 2409 1492 2443 also
1511 2408 1608 2442 Wil-

71 2466 162 2509 kins,
181 2466 216 2500 ii.
235 2467 294 2509 49,
312 2466 393 2508 140,
410 2465 492 2507 286,
509 2465 591 2508 418,
609 2464 690 2499 709.
741 2464 816 2497 One
840 2474 962 2497 reason
983 2462 1038 2496 for
1055 2462 1117 2496 the
1136 2460 1356 2507 prohibition
1376 2460 1538 2506 assigned
1557 2460 1606 2505 by

73 2518 300 2564 Archbishop
325 2517 507 2552 Peckham
533 2516 568 2550 in
596 2517 689 2550 1280
713 2527 788 2549 was
813 2515 899 2549 thus
923 2515 1133 2560 expressed:
1161 2515 1263 2559 ‘quae
1289 2513 1435 2558 quidem
1465 2512 1607 2546 arbores

73 2571 277 2606 coemeteria
302 2570 379 2615 ipsa
405 2574 441 2603 et
466 2569 545 2603 loca
564 2567 671 2614 juxta
689 2567 855 2602 ecclesias
873 2572 908 2602 et
928 2568 1083 2613 capellas
1101 2566 1162 2600 ubi
1180 2567 1355 2612 plantatae
1374 2565 1518 2608 fuerint,
1536 2576 1609 2599 non

73 2623 253 2657 modicum
271 2621 531 2657 condecorant.’

146 2676 201 2720 (2)
229 2675 286 2720 By
304 2686 324 2708 a
342 2672 574 2708 constitution
594 2672 633 2706 of
655 2672 707 2706 St.
727 2672 896 2706 Edmund
913 2672 1001 2716 (Am.
1018 2670 1248 2715 1234-1‘240)
1267 2669 1327 2703 the
1345 2668 1479 2703 church
1496 2669 1609 2713 goods

75 2726 116 2761 of
138 2731 272 2761 rectors
290 2727 361 2761 and
380 2726 441 2760 the
460 2725 647 2760 wealthier
664 2724 778 2759 vicars
796 2737 890 2759 were
908 2728 945 2758 to
962 2724 1004 2758 be
1021 2724 1131 2758 taxed
1150 2729 1187 2756 at
1205 2722 1296 2756 their
1314 2723 1456 2756 decease
1475 2721 1529 2755 for
1546 2721 1609 2755 the

75 2778 206 2825 repairs
226 2779 266 2813 of
285 2778 432 2812 ruinous
449 2783 587 2822 rectory
608 2777 678 2811 and
695 2777 859 2821 vicar-age
876 2777 1016 2819 houses,
1035 2788 1074 2810 or
1100 2775 1154 2809 for
1180 2776 1278 2808 what
1303 2786 1361 2808 are
1387 2786 1468 2807 now
1493 2774 1607 2807 called

77 2829 665 2877 ¹dilapidations.’—(Lyndwood,
690 2828 751 2862 lib.
770 2828 819 2862 iii.
845 2828 903 2862 tit.
922 2829 996 2873 27.)
1054 2828 1129 2861 The
1158 2827 1276 2872 Ripon
1306 2825 1541 2860 constitution
1571 2825 1612 2859 of

76 2883 168 2918 1306
184 2883 215 2918 is
232 2882 390 2919 directed
407 2882 547 2927 against
564 2881 627 2916 ‘the
645 2881 919 2916 embezzlement
937 2880 977 2915 of
998 2879 1234 2926 dilapidation
1252 2878 1368 2913 funds.

1636 310 1774 339 without

1637 350 1724 378 leave
1739 351 1772 379 of
1783 350 1837 380 the

1639 394 1749 426 rector,

1639 700 1701 728 and
1718 700 1792 729 then
1807 701 1840 729 to

1638 740 1675 768 be
1691 740 1765 769 used

1639 779 1715 816 only
1730 779 1777 807 for

1639 820 1746 847 sacred
1759 826 1840 856 pur-

1640 867 1737 896 poses-

1643 1504 1671 1532 A
1676 1503 1783 1541 gainst

1639 1553 1686 1572 em
1693 1543 1838 1581 bezzling

1639 1587 1647 1600 ¹
1658 1583 1814 1619 dilapida-

1639 1624 1708 1653 tion
1715 1623 1722 1636 ’
1737 1622 1840 1652 funds.
