1935 3151
537 139 647 172 ORIG
657 140 665 171 1
674 139 731 172 NA
739 139 763 171 L
802 138 1087 171 DOCUMEN'PS.

111 248 323 286 CXXXIII.
367 249 693 286 OONUERNING
736 249 981 293 RIOHARD,
1017 249 1107 284 SON
1145 249 1208 283 OF
1241 246 1431 283 OSBERT
1470 244 1536 278 DE

718 313 926 348 SALLEY.

537 383 823 425 (DARNBROUGH
848 382 925 417 MS.
952 382 1056 427 xvii.)

143 453 362 494 Universis
395 453 554 494 Christi
586 454 783 494 fidelibus
815 453 868 493 ad
899 467 1003 506 quos
1035 467 1220 507 praesens
1253 452 1458 505 scriptum
1491 462 1586 500 per-

55 520 236 569 venerit,
259 518 503 557 Willelmus
525 519 577 558 de
602 518 642 557 la
665 518 961 568 Gressunerie,
978 518 1173 558 salutem.
1222 516 1400 556 Noverit
1413 515 1584 554 univer-

55 584 159 622 sitas
185 587 322 622 vestra
346 596 413 621 me
435 596 510 635 pro
532 582 668 622 salute
690 583 843 622 auimae
866 596 971 622 meze
994 586 1370 622 ctantecessorum
1393 592 1586 619 meorum

53 646 222 686 dedisse
245 652 288 686 et
311 647 610 686 manumisisse
633 651 674 686 et
700 647 897 699 quietum
920 646 1122 686 clamasse
1145 646 1197 686 de
1221 659 1288 685 me
1312 649 1357 684 et.
1379 644 1431 683 de
1453 642 1588 682 haere-

54 711 180 750 dibus
202 711 310 750 meis
333 711 377 749 in
399 715 674 763 perpetuum,
692 711 782 750 Deo
798 714 842 750 et.
858 709 1027 750 fabricoe
1051 710 1237 750 ecclesi-ie
1256 709 1381 749 Beati
1399 707 1587 747 wilfridi

55 775 108 814 de
131 774 299 827 Ripon',
323 774 553 813 Ricardum
576 774 714 813 filium
738 774 910 815 Osberti
932 775 983 814 de
1009 774 1151 828 Salley
1173 788 1272 813 cum
1294 776 1387 813 tota
1415 771 1585 825 sequela

56 853 131 878 sua
165 844 206 878 et
245 852 344 878 cuin
382 838 582 878 omnibus
616 838 782 878 catallis
818 840 919 879 suis.
983 839 1040 878 Et
1076 843 1126 878 ut>
1154 840 1244 892 ipse
1283 842 1327 877 et
1360 837 1508 877 redeat.
1545 840 1587 875 et

55 907 229 943 maneat
250 916 522 956 quocumque
554 903 754 953 voluerit,
788 904 895 942 sicut
930 903 1039 943 liber
1075 902 1216 943 homo.
1279 902 1345 942 Ad
1377 900 1585 954 majorem

54 972 202 1008 autem
224 966 353 1021 hujus
376 968 437 1007 rei
460 968 736 1007 securitatem
757 981 940 1021 praesens
963 968 1170 1021 scriptum
1203 967 1332 1020 sigilli
1355 966 1441 1005 mei
1462 978 1591 1018 appo-

55 1032 213 1071 sicione
254 1031 460 1072 roboravi.
524 1031 622 1071 Hiis
666 1031 863 1082 testibus,
906 1031 1094 1071 Roberto
1136 1031 1188 1071 de
1233 1030 1448 1079 Bereford‚
1485 1033 1591 1068 tunc

59 1095 213 1135 ballivo
243 1095 297 1135 de
321 1095 490 1149 Ripon’,
523 1095 714 1135 Gerardo
735 1095 904 1145 clerico,
927 1095 1063 1134 Adam
1084 1095 1227 1146 XVard,
1260 1095 1395 1134 Alano
1417 1093 1591 1133 domino

57 1159 110 1199 de
145 1159 358 1210 Aldefeld,
391 1160 527 1199 David
550 1159 679 1200 fratre
712 1159 819 1213 ejus,
852 1160 1019 1213 Rogero
1052 1158 1104 1199 de
1136 1160 1339 1209 Evestan,
1362 1163 1406 1198 et
1437 1157 1589 1197 multis

59 1225 167 1264 aliis.

58 1371 269 1405 CXXXIV.
304 1370 631 1405 ceNCERNING
666 1370 833 1414 SIMON,
860 1369 952 1405 SON
979 1370 1041 1404 OF
1065 1369 1256 1404 OSBERT
1276 1369 1342 1404 DE
1369 1370 1592 1405 STODLEI.

560 1451 848 1495 (DARNBROUGH
873 1450 950 1485 Ms.
977 1450 1098 1495 xviii.)

150 1525 361 1566 Omnibus
404 1525 569 1565 Sanctae.
612 1525 766 1565 Matris
818 1524 1019 1564 Ecclesiae
1061 1523 1161 1563 filiis
1193 1524 1245 1563 ad
1287 1538 1394 1578 quos
1436 1525 1593 1565 litterae

60 1592 155 1630 istae
187 1590 479 1643 pervenerint,
511 1590 719 1629 Ricardus
750 1589 866 1628 filius
900 1589 1058 1642 Rogeri
1095 1587 1148 1628 de
1182 1588 1360 1638 Stodlei,
1394 1589 1593 1630 salutem.

61 1655 237 1694 Noverit
260 1655 517 1693 universitas
540 1657 679 1693 vestra
700 1667 770 1693 me
801 1653 1056 1692 concessisse
1079 1656 1123 1692 et
1144 1653 1309 1693 dedisse
1332 1658 1373 1693 et
1397 1655 1594 1707 quietum

61 1719 265 1759 clamasse
299 1718 389 1758 Deo
421 1722 462 1758 et
496 1718 631 1757 Beato
662 1717 860 1757 wilfrido
892 1721 937 1756 et
968 1717 1180 1756 canonicis
1213 1716 1305 1770 ejus
1338 1718 1594 1771 Riponensis

63 1783 265 1831 ecclcsiae,
289 1782 520 1836 Sylnonem
541 1771 683 1821 aefilium
705 1781 876 1822 Osberti
902 1781 954 1821 de
985 1780 1147 1821 Stodlei
1179 1795 1277 1820 cum
1309 1785 1399 1821 tota
1423 1783 1596 1836 sequela

64 1862 152 1897 sua,
175 1848 226 1887 de
259 1861 326 1887 me
360 1850 403 1887 et
435 1848 488 1887 de
520 1845 761 1886 haeredibus
793 1846 901 1886 meis
932 1846 976 1884 in
1008 1850 1282 1899 perpetuum.
1345 1847 1401 1886 Et
1432 1852 1482 1886 ut
1504 1846 1594 1887 haec

62 1913 211 1965 quieta
233 1911 460 1951 clamantia
483 1925 506 1951 a
520 1911 695 1951 nemine
713 1911 758 1950 in
775 1910 955 1963 posteris
972 1910 1239 1963 temporibus
1254 1911 1387 1963 possit.
1400 1910 1594 1965 infringi,

63 1991 159 2016 eam
182 1976 313 2031 sigilli
336 1976 419 2016 mei
443 1977 721 2030 impressione
743 1975 1020 2015 corroboravi.
1073 1975 1154 2014 His
1176 1975 1374 2025 testibus,
1398 1976 1595 2029 Capitulo

65 2040 211 2081 Sancti
232 2039 421 2079 Wilfridi
454 2041 507 2080 de
539 2039 707 2093 Ripon’,
738 2040 943 2094 magistro
973 2039 1102 2078 Petro
1134 2039 1356 2090 Blesensi,¹
1391 2041 1596 2095 magistro

64 2105 132 2144 W.
164 2105 216 2145 de
247 2104 427 2158 Gilling,
450 2105 622 2145 domino
654 2105 702 2144 A.
736 2103 978 2157 Capeliano,
1011 2102 1218 2143 Nic-holan
1250 2104 1442 2154 Murdac,
1475 2105 1596 2145 Hen-

64 2170 150 2209 rico
186 2170 238 2209 de
270 2168 470 2219 Pinkeni,
502 2169 688 2223 Nigello,
720 2169 960 2216 canonicis3
1003 2167 1234 2221 Stephano,
1268 2168 1468 2222 Hugone,
1502 2170 1597 2209 Gil-

66 2233 202 2283 berto,
253 2233 454 2282 Absalon,
497 2233 700 2283 Walters»,
741 2233 999 2285 capellanis3
1051 2232 1268 2272 V'illelmo
1310 2233 1362 2272 de
1414 2234 1597 2283 Orliens,

66 2297 284 2337 willelmo
318 2297 467 2347 Parvo,
504 2298 707 2352 Hugone,
740 2297 926 2351 Nigello,
969 2296 1198 2347 Randulfo,
1231 2298 1419 2337 diaconis
1438 2313 1449 2348 ;
1491 2298 1599 2338 Wil-

68 2362 212 2411 lelmo,
235 2362 447 2412 Gilberto,
470 2362 650 2416 Rogero,
673 2362 867 2401 Ricardo.

179 2522 370 2557 CXXXV.
406 2521 732 2557 s'ONGERNING
767 2521 1021 2566 WILLIAM,
1055 2522 1148 2557 SON
1181 2523 1243 2558 OF
1277 2524 1499 2560 SIWARD.

588 2594 875 2638 (DARxssnocon
902 2594 979 2628 MS.
1006 2594 1101 2640 xix.)

160 2667 369 2708 Omnibus
391 2665 467 2706 has
490 2666 635 2706 literas
659 2667 812 2706 visuris
835 2670 876 2706 et
900 2667 1126 2720 audituris,
1148 2669 1175 2710 J
1179 2668 1365 2709 ohannes
1388 2669 1600 2710 Ostiarius

71 2736 116 2772 et
137 2731 346 2772 Casandra
368 2744 473 2770 uxor
494 2730 600 2783 ej11S,
623 2730 820 2771 salutem.
885 2731 1038 2772 Sciatis
1058 2746 1133 2772 nos
1155 2733 1322 2773 dedisse
1337 2738 1379 2773 et
1402 2735 1597 2787 quietum

72 2796 273 2835 clamasse
306 2795 396 2834 Deo
428 2799 469 2833 et
505 2795 661 2833 Sancto
692 2794 905 2845 wilfrido,
937 2796 1205 2836 Willehnum
1238 2797 1377 2837 filium
1411 2798 1602 2849 Siwardi,

677 2889 732 2933 (1)
758 2891 823 2923 See
841 2889 964 2933 above,
981 2902 1012 2935 p.
1032 2891 1085 2933 10,
1104 2903 1135 2924 n.
1156 2893 1187 2925 4.

1622 451 1710 480 will.
1726 451 1763 479 dc

1620 491 1650 519 la
1667 492 1796 520 (Vires-su-

1623 531 1707 559 neric
1723 534 1755 558 to
1768 531 1820 559 the

1622 570 1749 598 Cliurch
1766 570 1800 597 of

1623 609 1736 647 Rip-ou.

1625 1038 1806 1068 witnesses.

1632 1528 1699 1556 Ric.
1714 1527 1756 1556 fil.

1631 1567 1709 1604 Ηυξ.
1724 1568 1761 1596 (le

1631 1607 1749 1636 Siodlei
1767 1612 1798 1634 to

1630 1647 1683 1675 the
1698 1646 1827 1675 Chul-cli

1630 1687 1663 1715 of
1683 1685 1795 1723 Ripon.

1633 1997 1812 2026 Witiies>c<.

1635 2677 1655 2707 J
1658 2678 1706 2706 oh.
1721 2677 1824 2707 Ostia-

1636 2718 1700 2746 rius
1715 2722 1746 2746 to
1762 2718 1814 2746 the

1635 2756 1761 2786 Chur-:h
1777 2757 1813 2785 of

1639 2796 1749 2833 Ripon.
