1935 3151
595 153 821 187 ORIGINAL
857 153 1013 186 DOCUM
1023 153 1145 186 ENTS.

107 278 232 307 usum
276 270 320 306 et
362 266 729 320 supportacionem
773 267 898 306 dictae
939 267 1153 316 cantariae‚
1190 281 1237 306 ac
1280 268 1642 307 sustentucionom

105 330 423 385 capellanorum
446 329 654 385 ejusdem,
678 335 727 370 ut
748 330 1010 384 praedicitur,
1031 331 1240 384 deputata
1272 335 1317 371 et
1349 332 1565 386 assignata
1597 346 1644 371 ac

107 395 355 448 deputanda
369 401 414 435 et
427 395 696 450 assignanda,
713 396 799 435 suis
816 395 997 448 propriis
1014 396 1259 449 sumptibus
1273 399 1316 435 et
1331 396 1529 449 expensis
1546 410 1642 435 cum

106 459 376 514 indiguerint
398 459 656 513 reparabunt
677 463 974 513 competenter
996 463 1040 499 et
1063 460 1390 513 supportabunt,
1408 473 1454 499 ac
1477 460 1646 514 integra

107 527 153 563 et
175 523 287 563 salva
308 525 452 563 omnia
473 524 690 577 praemissa
711 523 870 577 absque
888 524 1214 577 dilapfflacione,
1233 524 1510 574 alienacione,
1534 524 1644 574 dolo,

106 586 270 637 fraude,
292 592 369 627 aut
391 588 558 628 malicia
580 588 924 641 quibuscumque
946 589 1166 641 perpetuis
1189 588 1349 628 futuris
1377 589 1644 642 temporibus

107 651 291 692 fideliter
312 653 639 702 conservabunt,
662 657 706 692 et
737 653 1005 692 conservabit
1036 653 1218 706 quilibet
1252 653 1501 703 eorundem,
1523 666 1569 692 ac
1592 653 1645 693 de

106 716 269 756 eisdem
311 716 483 756 fidelem
526 717 709 756 reddent
747 721 792 756 et
833 717 986 756 reddet
1027 718 1238 757 racionem
1270 716 1459 770 capitulo
1493 717 1646 771 Ripon’

106 780 338 830 antedicto,
360 781 563 834 quociens
586 795 638 820 ex
660 785 779 834 parte
813 780 1004 834 ejusdem
1037 781 1215 834 capituli
1248 781 1409 821 suerint
1433 783 1644 835 requisiti.

106 844 170 884 Ad
192 858 287 898 quae
309 845 526 898 praemissa
547 845 690 884 omnia
722 848 766 884 et
798 846 968 899 singula
1001 846 1112 885 sicut
1142 846 1425 899 praemittitur
1460 845 1644 886 fideliter

106 908 314 958 facienda,
338 912 383 948 et
403 909 456 948 ad
477 907 587 949 hanc
609 912 799 949 nostram
822 909 1138 949 ordinacionem
1162 911 1483 964 imperpetuum
1502 910 1646 950 obser-

105 972 308 1022 vandum,
341 972 543 1026 praefatus
574 973 773 1012 dominus
805 971 1040 1023 Johannes,
1072 974 1236 1027 primus
1277 974 1402 1014 dictae
1444 976 1644 1015 cantariae

103 1036 363 1089 capellanus,
379 1050 427 1076 ac
450 1037 515 1076 sui
536 1036 674 1076 futuri
697 1051 956 1077 successores
979 1037 1173 1091 ejusdem
1195 1039 1393 1078 cantariae
1416 1038 1642 1092 capellani,

104 1101 395 1140 incontinenti
437 1104 535 1154 post
576 1101 764 1154 ipsorum
808 1104 853 1141 et
887 1101 1123 1155 cujuslibet
1157 1102 1391 1142 eorundem
1428 1103 1479 1142 ad
1517 1103 1643 1143 dictae

103 1166 305 1205 cantariae
327 1165 633 1205 admissionem
655 1179 702 1205 ac
734 1165 1011 1206 collacionem
1044 1166 1123 1205 sibi
1146 1165 1303 1206 factam
1336 1170 1381 1206 et
1402 1166 1640 1207 faciendam

103 1228 156 1269 de
191 1229 342 1269 eadem
377 1233 427 1269 ut
461 1229 698 1282 praefertur‚
736 1244 877 1270 coram
914 1230 1030 1270 dicto
1066 1231 1256 1284 capitulo
1293 1231 1554 1281 conferente,
1588 1232 1641 1272 ad

105 1293 261 1334 Sancta
282 1293 362 1333 Dei
384 1294 620 1348 Evangelia
641 1308 716 1348 per
736 1295 849 1348 ipsos
871 1299 915 1335 et
937 1308 1083 1335 eorum
1106 1295 1345 1349 quemlibet
1367 1296 1643 1349 corporaliter

102 1361 230 1408 tacta,
252 1358 474 1412 praestabit
496 1363 541 1398 et
572 1359 838 1411 praestabunt
863 1359 1178 1413 juramentum.
1241 1359 1445 1413 Alioquin
1466 1359 1642 1400 collacio

101 1420 350 1476 hujusmodi
372 1423 587 1473 cantariae,
608 1423 853 1476 capellanus
875 1424 949 1476 qui
970 1437 1045 1477 pro
1066 1427 1260 1477 tempore
1281 1423 1427 1474 fuerit,
1451 1424 1509 1464 sic
1531 1423 1643 1464 facta

102 1490 148 1526 et
169 1485 377 1536 facienda,
399 1500 446 1526 ac
467 1487 561 1541 ejus
582 1487 780 1527 induccio
810 1488 856 1526 in
888 1489 1123 1527 cantariam
1146 1488 1408 1541 praedictam,
1430 1489 1504 1542 qui
1521 1488 1641 1542 jura-

102 1554 299 1590 mentum
321 1551 578 1605 praedictum
603 1552 730 1591 modo
752 1555 797 1592 et
825 1552 961 1592 forma
992 1552 1224 1606 praelibatis
1257 1566 1342 1592 non
1374 1553 1640 1607 praestiterit,

101 1615 219 1654 omni
242 1615 386 1669 vigore
408 1619 582 1655 careant
604 1620 648 1655 et
671 1616 843 1667 effectu,
865 1620 909 1656 et
930 1615 1013 1656 hiis
1035 1617 1219 1671 cognitis
1241 1630 1315 1670 per
1336 1617 1502 1657 dictum
1524 1618 1639 1671 capi-

100 1678 245 1718 tulum
267 1679 420 1732 Ripon’
441 1680 608 1719 omissis
630 1684 804 1733 propter
825 1681 962 1733 ipsius
983 1680 1163 1734 capituli
1187 1680 1340 1734 Ripon’
1362 1684 1407 1720 et
1429 1681 1639 1734 capellani

100 1742 426 1796 necligenciam,
447 1748 604 1783 extunc
626 1743 824 1783 volumus
851 1748 894 1784 et
925 1744 1170 1784 ordinamus
1202 1745 1315 1798 quod
1337 1744 1504 1784 dictum
1526 1746 1638 1799 capi-

100 1806 245 1846 tulum
267 1807 458 1847 ecclesiae
480 1807 606 1848 Ebor.
629 1807 704 1847 illa
725 1808 816 1848 vice
834 1808 994 1848 dictam
1016 1808 1250 1848 cantariam
1272 1807 1396 1847 alteri
1418 1808 1638 1861 capellano

97 1871 265 1924 ydoneo
286 1871 418 1912 libere
441 1871 633 1912 conferre
656 1871 809 1923 valeat,
832 1876 877 1912 et
898 1872 1041 1925 ipsum
1073 1872 1220 1911 induci
1244 1871 1381 1911 facere
1404 1872 1448 1911 in
1473 1872 1636 1921 eadem,

98 1935 225 1976 modo
257 1939 301 1975 et
331 1935 467 1975 forma
499 1935 745 1976 antedictis.
807 1937 857 1975 In
892 1949 1075 1989 quorum
1109 1936 1302 1975 omnium
1334 1936 1636 1976 testimonium

96 2003 228 2053 atque
265 1999 393 2039 fidem
429 2001 539 2053 parti
575 1998 707 2054 hujus
745 2005 871 2040 cartae
908 2001 1123 2054 bipartitae
1160 2005 1205 2040 et
1238 2000 1474 2040 indentatae
1505 2014 1636 2053 penes

97 2064 263 2103 dictum
285 2064 526 2118 capitulum
549 2064 702 2118 Ripon’
723 2065 965 2104 remanenti
989 2065 1130 2118 sigilla
1161 2069 1305 2104 nostra
1330 2065 1606 2117 apposuimus
1625 2080 1635 2114 3

96 2128 222 2168 alteri
256 2142 355 2168 vero
386 2130 498 2182 parti
531 2142 662 2182 penes
693 2129 859 2169 dictum
892 2129 1117 2169 dominum
1149 2128 1393 2170 Johannem
1415 2129 1467 2168 de
1491 2129 1634 2169 Grene

95 2191 365 2245 capellanum
389 2196 434 2232 et>
455 2207 552 2233 suos
575 2207 834 2233 successores
856 2194 981 2233 dictae
998 2193 1197 2233 cantariae
1213 2192 1381 2232 futuros
1398 2192 1636 2246 capellanos

96 2257 336 2296 remanenti
359 2256 499 2311 sigilla
520 2261 678 2308 nostra,
701 2271 785 2297 una
807 2271 905 2297 cum
937 2258 1196 2310 appensione
1219 2256 1349 2310 sigilli
1382 2256 1484 2296 dicti
1508 2271 1635 2298 vene-

97 2320 242 2360 rabilis
263 2321 442 2374 capituli
466 2321 654 2361 ecclesiae
681 2321 850 2375 Ripon‚'
872 2326 973 2361 sunt
1004 2334 1204 2375 appensa.
1267 2321 1365 2360 Hiis
1387 2321 1634 2361 testibus——

97 2383 178 2436 (no
199 2397 353 2425 ‘names
376 2383 605 2439 inserted).

188 2447 287 2488 Two
320 2447 517 2489 circular
547 2448 658 2490 scats
698 2448 749 2490 in
782 2448 859 2489 red
891 2462 1004 2500 war,
1033 2447 1233 2489 attached
1270 2447 1322 2501 by
1351 2447 1498 2489 labels.
1561 2448 1632 2503 (1)

97 2510 249 2553 Shield
283 2511 468 2566 beariny
494 2517 576 2554 two
610 2527 763 2568 spears
786 2512 840 2554 in
873 2512 1029 2554 sattire
1064 2512 1248 2554 between
1274 2512 1392 2567 four
1424 2527 1540 2554 ‘roses
1555 2512 1631 2568 (2).

96 2575 212 2617 Insc.
235 2575 454 2630 illeyible;
487 2576 555 2618 the
576 2576 718 2618 shield
742 2577 938 2618 enclosed
963 2576 1016 2618 i‘n
1045 2592 1074 2618 a
1099 2576 1265 2631 cusped
1286 2576 1426 2617 circle.
1488 2580 1558 2629 (2)
1591 2578 1626 2617 A

96 2639 282 2681 boarded
318 2655 429 2682 man
462 2640 558 2682 and
594 2656 623 2682 a
658 2655 837 2682 woman
874 2641 1020 2682 seated
1056 2655 1106 2682 αθ
1144 2655 1203 2681 οη
1238 2640 1304 2681 the
1336 2640 1533 2694 yrournd,
1565 2639 1631 2681 the

95 2717 276 2745 woman
307 2703 494 2757 holdiny
525 2719 554 2746 a
586 2703 706 2746 child
738 2719 797 2745 οη
828 2703 903 2745 ker
935 2704 1026 2760 lap.
1089 2704 1217 2746 Stars
1249 2703 1378 2745 above
1410 2703 1538 2755 them,
1567 2704 1631 2745 all

95 2765 258 2808 within
300 2782 330 2808 a
372 2768 514 2822 richly
558 2768 848 2809 ornamented
886 2768 1042 2810 circle.l
1118 2768 1234 2808 Insc.
1270 2767 1324 2808 rin
1359 2782 1461 2820 very
1497 2767 1631 2808 small

97 2829 252 2880 letters,
274 2831 513 2873 mutilated
547 2864 556 2873 .
591 2865 600 2874 .
636 2864 644 2873 .
679 2864 688 2873 .
722 2833 944 2874 HONORAT’
976 2844 1052 2873 EST
1086 2863 1318 2873 ......

187 2895 430 2946 Ε)ιᾱοί·3ρᾶ,
453 2897 714 2950 Compositio
736 2899 934 2937 cantariae
959 2897 1103 2937 Sancti
1125 2896 1285 2937 Jacobi.

376 2975 431 3017 (l)
459 2975 533 3011 The
551 2988 676 3022 gnum,
693 2976 856 3022 perham,
876 2979 1072 3022 represents
1092 2975 1150 3009 the
1168 2974 1346 3021 Nativity.

1787 140 1877 188 165

1681 405 1834 442 (Thaplain

1681 450 1711 473 to
1727 445 1762 473 bc
1779 454 1824 473 re-

1681 485 1837 521 sponsible

1681 524 1728 552 for
1743 525 1873 562 repaire.

1681 852 1862 892 Chaplain'n

1681 892 1767 922 oath.

1674 2077 1828 2116 Bipartite

1671 2117 1846 2148 indenture.
