1955 3068
87 140 181 186 108

88 404 196 433 Power

86 444 182 480 given
193 447 224 472 to
235 443 286 472 the

87 483 216 520 chapter
232 491 265 511 as

87 522 196 558 acting
210 522 259 550 for

87 562 140 590 the
156 561 243 598 king.

89 978 161 1008 Feb.
177 978 224 1007 20.

93 1695 160 1716 Λ.ῐ).
177 1687 262 1715 1547.

95 1742 231 1771 Edward
238 1741 292 1770 VI.

94 1786 127 1810 to
141 1782 195 1810 the

95 1821 230 1858 chapter.

95 1937 197 1968 Claim
214 1940 245 1966 to

95 1985 292 2015 supremacy.

99 2512 119 2542 J
123 2513 202 2541 uris-

99 2552 217 2580 diction

99 2591 232 2628 granted

101 2832 147 2860 for
167 2831 300 2871 prox-ing

101 2872 135 2900 of
155 2871 255 2906 wills;

811 152 1087 185 MEMORIALS
1123 153 1181 185 OF
1218 152 1375 185 RIPON.

319 265 464 316 dendi,
493 269 729 318 caeteraque
764 266 908 305 onmia
945 269 990 305 et
1024 264 1193 319 singula
1225 265 1267 304 iu
1306 264 1536 317 praemissis
1570 266 1741 304 tantum
1774 278 1850 304 seu

319 331 432 370 circa
453 344 502 370 ea
524 330 763 370 necessaria
786 343 862 369 seu
883 329 1204 383 quomodolibet
1225 332 1449 382 oportuna,
1470 328 1577 378 vice,
1598 329 1786 379 nomine,
1809 333 1853 368 et

318 395 575 435 auctoritate
597 394 754 434 nostris
778 393 1031 447 exequendi.
1091 393 1240 444 Voms,
1260 393 1314 433 de
1336 406 1517 446 quorum
1531 393 1736 443 doctrina,
1753 393 1853 432 vitae

320 462 365 498 et
390 472 558 498 morum
589 459 841 511 integritate
874 457 1112 511 plurimum
1142 457 1413 506 confidimus,
1435 457 1546 496 vices
1568 460 1732 496 nostras
1754 470 1852 495 cum

318 526 532 575 potestate
577 521 886 571 substituendi,
927 524 1075 561 tenore
1117 521 1395 574 praesentium
1436 520 1764 570 committimus,
1805 533 1853 559 ac

319 586 498 626 liberam
520 586 792 626 concedimus
814 585 1082 635 facultatem,
1102 599 1260 638 vosque
1281 585 1328 624 in
1350 598 1399 624 ea
1424 588 1546 637 parte
1576 584 1852 624 licentiamus

320 665 395 704 per
436 653 668 704 praesentes
719 649 772 689 ad
813 653 1013 689 nostrum
1057 649 1376 702 beneplacitum
1419 649 1660 689 duraturas,
1742 648 1854 696 Qua-

319 728 505 768 cumque
536 713 798 753 inhibicione
831 720 933 753 ante
966 714 1111 753 datam
1132 713 1409 766 praesentium
1430 713 1684 752 auctoritate
1710 715 1855 752 nostra

321 781 519 818 emanata
553 778 600 817 in
637 778 779 831 aliquo
815 791 901 817 non
937 777 1151 828 obstante,
1184 791 1282 817 cum
1319 776 1554 830 cujuslibet
1584 789 1782 830 congruae
1811 781 1856 816 et

322 843 620 883 ecclesiasticae
652 840 915 882 cohercionis
946 845 1174 895 potestate.
1237 842 1290 881 IN
1311 851 1441 881 CUJUS
1471 841 1535 881 rei
1555 841 1855 880 testimonium

323 907 515 961 sigillum
531 909 726 946 nostrum
743 920 827 960 quo
843 906 896 946 ad
911 919 1056 946 causas
1071 905 1379 946 ecclesiasticas
1393 905 1559 945 utimur
1574 904 1856 957 praesentibus

321 971 477 1024 apponi
497 970 808 1010 mandavimus.
852 970 964 1009 Data
985 970 1187 1010 vicesimo
1209 969 1279 1009 die
1300 969 1462 1009 mensis
1484 968 1723 1019 Februarii,
1745 982 1856 1008 anno

321 1035 497 1075 Domini
530 1034 759 1074 millesimo
800 1035 1149 1088 quingentesimo
1189 1034 1407 1074 tricesimo
1447 1033 1614 1086 quinto,
1648 1035 1693 1072 et
1732 1034 1857 1086 regni

322 1099 460 1139 nostri
481 1099 684 1139 vicesimo
707 1099 904 1152 septimo.
1300 1098 1483 1137 THOMAs
1506 1096 1796 1138 CRUMBWELL.

411 1162 554 1216 Larye
576 1160 699 1212 babel,
721 1160 862 1202 which
884 1160 963 1202 has
984 1175 1114 1202 never
1135 1160 1225 1202 had
1246 1174 1274 1202 α
1295 1160 1399 1202 scal.

410 1225 643 1267 Endorsed
683 1225 738 1266 in
780 1225 892 1267 later
932 1224 1093 1276 hcmds,
1131 1230 1141 1249 ‘
1158 1226 1382 1267 Concessio
1413 1225 1628 1265 Eccl’iacae
1654 1224 1857 1279 jurisdic-

322 1292 454 1332 tionis
475 1305 551 1345 per
573 1292 687 1331 Hen.
711 1293 752 1342 8,
773 1291 899 1330 1535.
961 1292 1126 1331 Entred
1151 1291 1197 1330 in
1228 1290 1269 1331 le
1301 1289 1426 1344 post-,⁹
1448 1287 1570 1330 twice
1590 1287 1645 1329 ἐπ
1667 1292 1854 1329 contem-

320 1369 496 1410 porary
517 1353 581 1410 (Ρ)
603 1353 854 1396 hand.—F.
881 1357 918 1395 1.

443 1523 586 1558 XXVI.
620 1523 794 1558 GRANT
829 1523 890 1558 OF
924 1521 1356 1558 EGOLESIASTIOAL
1389 1520 1753 1557 JURISDICTION.

869 1598 997 1632 Rnox
1022 1596 1206 1632 OHAPTER
1230 1596 1310 1631 MS.

415 1675 660 1715 EDWARDUS
680 1685 857 1725 SEXTUS,
878 1674 958 1714 Dei
980 1674 1120 1729 gracia
1144 1674 1323 1728 Angliae,
1344 1673 1549 1723 Franciae‚
1572 1675 1617 1713 et
1638 1673 1857 1714 Hiberniae

326 1754 414 1791 rex,
435 1739 536 1779 fidei
558 1738 769 1788 defensor,
792 1742 837 1779 et
857 1739 903 1778 in
924 1742 1038 1778 terra
1058 1738 1258 1778 Ecclesiae
1280 1737 1526 1792 Anglicanae
1548 1740 1593 1777 et
1614 1737 1857 1778 Hiberm'cae

328 1817 576 1857 supremum
598 1806 741 1855 caput,
763 1802 930 1842 dilectis
951 1802 1075 1842 nobis
1098 1802 1354 1842 Praesidenti
1385 1804 1431 1841 et
1452 1800 1649 1854 Capitulo
1671 1801 1858 1841 ecclesiae

328 1872 484 1908 nostrae
525 1866 763 1921 collegiatae
795 1866 848 1907 de
880 1864 1045 1920 Rypon’
1076 1866 1353 1906 Eboracensis
1385 1865 1627 1915 dioeceseos,
1661 1865 1857 1906 salutem.

329 1929 426 1971 CUM
459 1931 598 1970 omnis
635 1930 746 1984 juris
788 1930 960 1970 dicendi
1001 1930 1233 1970 auctoritas
1273 1932 1403 1983 atque
1445 1929 1577 1969 etiam
1613 1928 1860 1982 jurisdictio

329 1995 588 2045 omnimoda,
610 1998 700 2034 tam
722 1995 795 2034 illa
817 2008 911 2048 quae
934 1994 1220 2034 ecclesiastica
1251 1994 1410 2034 dicitur
1440 2006 1567 2046 quam
1591 1993 1815 2043 saecularis,
1837 2007 1862 2034 a

329 2059 448 2113 regia
468 2062 683 2112 potestate
705 2058 826 2098 velut
842 2072 862 2097 a
889 2072 1088 2112 supremo
1109 2059 1262 2112 capite,
1279 2072 1325 2098 ac
1342 2057 1536 2097 omnium
1552 2056 1663 2097 infra
1677 2071 1861 2111 regnum

329 2126 525 2163 nostrum
547 2123 879 2176 magistratuum
900 2122 1019 2162 fonte
1041 2123 1242 2175 primitus
1264 2122 1540 2170 emanaverit,
1562 2124 1607 2161 et
1628 2121 1741 2174 quod
1762 2135 1859 2161 cum

330 2201 404 2227 vos
445 2187 519 2240 qui
556 2185 855 2240 jurisdictione
893 2186 1189 2236 ecclesiastica,
1226 2185 1483 2239 quibusdam
1523 2185 1625 2225 locis
1663 2185 1779 2225 vobis
1816 2189 1860 2226 et

331 2251 457 2291 dictae
488 2250 678 2290 ecclesiae
710 2250 944 2304 collegiatae
975 2250 1247 2303 peculiariter
1277 2249 1556 2302 appropriatis
1588 2252 1633 2289 et
1665 2252 1859 2302 spectan-

331 2315 464 2365 tibus,
485 2314 751 2367 temporibus
773 2315 995 2354 retroactis
1017 2313 1141 2367 fungi
1166 2313 1470 2367 dignissimum
1491 2313 1614 2352 nobis
1635 2311 1858 2353 humiliter

334 2378 563 2432 supplicari
584 2378 772 2418 feceritis
795 2381 845 2418 ut
865 2376 1115 2432 hujusmodi
1132 2377 1477 2431 jurisdictionem
1498 2377 1615 2417 vobis
1643 2377 1857 2431 delegare,

332 2447 478 2483 nostra
499 2443 617 2496 regia
636 2446 765 2495 atque
789 2456 986 2495 suprema
1006 2443 1275 2491 auctoritate,
1298 2455 1349 2481 ex
1374 2441 1515 2495 gracia
1544 2444 1688 2481 nostra
1710 2441 1858 2495 singu-

333 2507 410 2546 lari
452 2507 742 2561 dignaremur,
784 2506 871 2546 Nos
914 2507 1066 2546 vestris
1108 2507 1152 2546 in
1195 2505 1274 2545 hac
1316 2509 1434 2559 parte
1478 2504 1858 2558 supplicationibus

333 2570 569 2610 humilibus
610 2570 821 2620 inclinati,
863 2574 907 2610 et
957 2574 1197 2610 nostrorum
1240 2569 1509 2609 subditorum
1550 2568 1858 2621 parochiarum,

334 2636 539 2684 vicorum,
562 2637 607 2674 et
637 2634 825 2674 locorum
856 2635 900 2674 in
934 2635 1090 2688 quibus
1122 2633 1369 2687 hujusmodi
1395 2632 1741 2686 jurisdictionem
1763 2631 1861 2672 hac-

333 2703 461 2739 tenus
498 2698 747 2738 exercuistis
784 2699 1018 2738 commodis
1053 2698 1273 2738 consulere
1313 2697 1551 2750 cupienteS,
1588 2696 1705 2736 vobis
1747 2696 1860 2736 vices

334 2766 497 2802 nostras
522 2762 601 2802 sub
622 2762 748 2802 modo
769 2766 814 2802 et
842 2762 975 2802 forma
1008 2762 1203 2815 sequenti
1225 2759 1554 2801 committendas
1575 2759 1680 2810 fore,
1701 2773 1858 2813 vosque

334 2826 615 2867 licentiandos
653 2840 747 2866 esse
787 2826 1070 2875 decernimus,
1113 2827 1176 2866 AD
1218 2834 1478 2865 PROBANDUM
1519 2824 1667 2878 igitur,
1707 2837 1858 2877 appro-

335 2890 537 2939 bandum,
581 2894 618 2929 et
666 2889 972 2930 insinuandum
1016 2893 1273 2930 testamenta
1317 2892 1358 2929 et
1403 2887 1576 2928 ultimas
1618 2888 1857 2928 voluntates
