1935 3151
118 173 211 220 288

120 821 223 857 Roger
237 822 273 850 de

119 860 256 899 Conyers

119 899 175 928 has
194 901 281 928 made
297 908 314 928 a

118 939 259 967 milldam
283 943 313 968 to

118 977 170 1006 the
187 977 294 1016 injury

117 1016 150 1044 of
161 1016 215 1045 the

117 1055 245 1092 chapter

117 1094 179 1122 and
189 1094 222 1122 of
234 1093 312 1124 Rob.

117 1131 239 1169 Brown,

117 1171 199 1199 their

117 1211 237 1248 tenant,

116 1347 154 1376 he
170 1347 195 1376 is
209 1350 241 1377 to

116 1387 189 1422 give
200 1387 311 1426 yearly

117 1429 149 1453 to
164 1425 217 1454 the

117 1465 232 1493 church
248 1474 267 1493 a

116 1511 189 1531 wax
204 1503 311 1533 candle

115 1542 149 1570 of
160 1542 178 1570 2
191 1542 242 1579 lb„

117 1602 180 1631 and
191 1605 224 1632 to
235 1602 312 1632 Rob.

117 1640 228 1670 Brown
250 1642 312 1672 free

114 1680 266 1718 grinding

116 1719 193 1747 from
210 1719 260 1748 his

116 1756 220 1792 house,
235 1758 297 1787 and

116 1795 181 1824 first
197 1801 268 1825 tum

117 1834 197 1863 after
213 1836 291 1865 him-

115 1873 181 1903 sels.

115 2641 183 2666 Am.
201 2639 282 2668 1461.

116 2690 141 2717 A
148 2700 168 2723 g
171 2699 288 2721 rrrrr
294 2698 305 2723 t

119 2736 152 2756 as
164 2730 268 2760 above.

827 181 1046 215 MEMORIA
1054 181 1101 214 LS
1137 180 1194 213 OF
1230 180 1387 214 RIPON.

348 310 425 350 pro
454 309 540 336 uno
572 295 787 350 messugio
809 297 871 334 4⁰¹·
892 293 1013 334 tostis
1035 294 1080 332 et
1101 291 1313 332 sexdecim
1335 291 1443 331 acris
1463 293 1588 330 terrae
1609 290 1655 331 in
1689 289 1874 333 Sharow.

348 359 471 402 Joha.
505 360 557 400 de
590 358 887 412 Pooket-horpe
921 357 974 397 de
1010 355 1202 397 Disforth
1231 355 1398 411 Rogero
1424 353 1574 396 Crome
1605 357 1651 395 et
1685 354 1876 396 ,Iohanni

349 424 516 478 Pigoto.
537 423 637 463 —H.
663 425 729 463 10.

403 546 647 581 CLXXVIII.
679 544 968 580 CONCORDIA
1003 544 1169 579 SUPER
1202 543 1400 579 STAGNO
1433 542 1719 578 MOLENDINI
1752 543 1820 577 DE

996 601 1209 636 NORTON.

795 673 939 719 (RffoN
964 672 1145 706 CHAPTER
1169 671 1246 706 MS.
1296 671 1339 707 B.
1357 671 1433 716 21.)

437 755 655 797 Universis
695 754 749 795 ad
790 768 895 807 quos
936 767 1119 807 praesens
1161 753 1368 806 scriptum
1408 754 1668 806 pervenerit,
1709 752 1874 794 humile

347 820 584 873 capitulum
619 818 765 859 Sancti
800 817 1001 863 Wilfridi.
1026 817 1079 857 de
1121 817 1276 870 Ripon,
1319 817 1519 857 salutem.
1581 817 1690 858 Cum
1731 819 1874 872 gravis

347 887 463 923 mota
503 882 789 923 controversia
829 882 944 921 inter
986 881 1211 921 dominum
1244 881 1465 935 Rogerum
1500 881 1553 922 de
1591 880 1793 936 Cogniers
1828 884 1874 921 et

347 946 584 986 Robertum
634 946 811 985 Browne
852 945 905 985 de
947 944 1142 998 Stainley
1183 956 1310 997 super
1352 947 1502 999 stagno
1542 945 1779 985 molendini
1819 945 1872 985 de

347 1011 388 1049 N
390 1014 525 1060 orton,
547 1010 658 1063 quod
680 1013 743 1049 est
768 1008 933 1062 praefati
954 1008 1112 1062 Rogeri
1133 1008 1186 1048 de
1208 1008 1439 1062 Cognyers,
1460 1009 1665 1062 praedicto
1686 1008 1874 1050 Roberto

347 1074 465 1113 Brun
486 1076 700 1113 asserente
725 1077 926 1126 stagnum
947 1075 1235 1126 praenotatum
1257 1073 1303 1112 in
1335 1072 1427 1125 ejus
1449 1084 1682 1126 gravamen
1704 1072 1872 1113 factum

346 1137 491 1187 fuisse,
513 1140 557 1177 et
577 1136 738 1190 injuste
760 1137 806 1175 in
828 1139 942 1175 terra
970 1149 1046 1175 sua
1066 1135 1301 1186 firmatum,
1325 1149 1424 1175 cum
1445 1136 1655 1176 medietas
1677 1135 1799 1176 fluvii
1819 1137 1872 1176 ad

346 1214 422 1240 nos
444 1201 496 1240 de
518 1200 672 1253 quibus
692 1203 816 1240 tenet
837 1202 996 1239 terram
1020 1213 1141 1239 suam
1162 1202 1208 1239 et
1228 1199 1281 1239 ad
1293 1200 1437 1253 ipsum
1459 1199 1513 1239 de
1529 1198 1628 1253 jure
1642 1200 1872 1252 pertineat,

346 1264 460 1304 dicta
480 1264 764 1305 controversia
795 1264 873 1304 sub
904 1261 983 1304 hac
1014 1262 1153 1304 forma
1183 1263 1446 1317 conquievit.
1507 1263 1736 1314 Videlicet,
1757 1265 1872 1318 quod

347 1328 599 1381 saepedictus
620 1329 812 1382 Rogerus
835 1328 887 1368 de
902 1327 1105 1381 Cogniers
1123 1330 1168 1368 et
1181 1327 1371 1368 haeredes
1386 1328 1452 1367 sui
1466 1327 1631 1368 dabunt
1646 1329 1872 1368 annuatim

347 1391 533 1430 ecclesiae
564 1395 719 1431 nostrae
749 1405 886 1431 unum
917 1405 1091 1431 cereum
1121 1391 1175 1431 de
1206 1391 1374 1432 duabus
1405 1391 1526 1432 libris
1557 1405 1663 1432 cerae
1694 1392 1740 1431 in
1761 1391 1873 1432 festo

348 1453 491 1494 Sancti
512 1454 698 1494 wilfridi
719 1455 908 1507 proximo
928 1458 1025 1508 post
1046 1454 1208 1495 festum
1231 1454 1377 1496 Sancti
1390 1454 1617 1495 Michaelis
1630 1469 1706 1508 pro
1721 1458 1872 1509 stagno

346 1517 507 1557 ibidem
540 1518 859 1571 imperpetuum
894 1519 1115 1569 duraturo,
1141 1522 1185 1559 et
1220 1519 1273 1559 de
1303 1517 1382 1559 hoc
1415 1519 1557 1559 dictus
1590 1519 1784 1573 Rogerus
1817 1519 1871 1559 de

347 1580 546 1634 Cogniers
566 1581 686 1621 nobis
708 1581 811 1622 fecit
830 1582 1100 1633 fidelitatem,
1122 1586 1167 1622 et
1197 1581 1484 1622 nihilominus
1507 1583 1718 1623 concessit
1739 1596 1872 1636 saepe-

346 1644 461 1684 dicto
483 1644 668 1684 Roberto
689 1645 808 1684 Brun
838 1646 1076 1686 multuram
1106 1647 1160 1686 de
1191 1645 1379 1700 hospitio
1401 1660 1476 1687 suo
1498 1647 1691 1698 quietam
1711 1647 1871 1700 imper-

345 1705 540 1755 petuum,
563 1706 607 1742 et
627 1702 865 1743 haeredibus
883 1705 985 1755 suis,
1006 1705 1058 1744 de
1075 1718 1118 1745 se
1140 1708 1184 1745 et
1197 1703 1437 1745 haeredibus
1452 1705 1554 1756 suis,
1572 1708 1617 1745 et
1630 1705 1743 1758 quod
1763 1719 1871 1758 prae-

345 1766 485 1805 dictus
496 1766 707 1807 Robertus
716 1767 860 1807 Broun
870 1771 915 1808 et
927 1767 1116 1809 haeredes
1130 1769 1197 1808 sui
1212 1769 1378 1809 molent
1385 1770 1577 1822 proximo
1589 1772 1686 1821 post
1695 1769 1871 1809 bladum

345 1830 455 1882 quod
468 1829 598 1870 fuerit
614 1831 840 1871 inventum
856 1833 902 1872 in
911 1833 1126 1884 tremula‚¹
1144 1834 1190 1873 ni
1206 1832 1316 1873 forte
1333 1833 1509 1873 bladum
1524 1833 1630 1873 dicti
1646 1833 1802 1887 Rogeri
1819 1834 1871 1873 de

346 1892 544 1947 Cogniers
568 1898 612 1933 et
632 1893 850 1935 haeredum
872 1910 1046 1936 suorum
1066 1896 1201 1937 fuerit
1220 1897 1282 1937 ibi
1303 1897 1356 1937 ad
1377 1896 1640 1938 molendum.
1701 1898 1759 1937 Et
1779 1895 1870 1937 haec

345 1969 389 1995 se
422 1956 605 1996 fideliter
645 1957 936 1999 observaturos
952 1960 967 1983 2
1003 1961 1221 2013 saepedicti
1257 1960 1451 2014 Rogerus
1493 1961 1544 2001 de
1588 1959 1788 2014 Cogniers
1825 1968 1871 2006 et,

345 2018 552 2059 Robertus
584 2020 728 2060 Broun
749 2021 1082 2064 affirmaverunt.
1143 2024 1197 2063 In
1218 2023 1341 2078 cujus
1369 2024 1431 2064 rei
1451 2025 1751 2064 testimonium
1778 2026 1870 2064 tam

344 2082 533 2136 sigillum
554 2087 748 2124 nostrum
770 2099 898 2138 quam
930 2087 1070 2140 sigilla
1100 2087 1314 2128 dictorum
1345 2088 1500 2142 Rogeri
1531 2091 1577 2128 et
1599 2087 1775 2128 Roberti
1796 2101 1870 2141 ap-

343 2147 480 2198 posita
497 2151 611 2187 sunt.
643 2148 741 2187 Hiis
762 2150 948 2190 testibus
966 2167 975 2191 ε
999 2151 1040 2191 N
1043 2152 1186 2205 igello,
1204 2151 1415 2203 Gilberto,
1433 2152 1646 2202 Huberto,
1661 2151 1868 2202 Galfrido,

346 2209 484 2259 Helia,
507 2210 685 2264 Rogero,
706 2212 935 2265 capellanis
952 2228 963 2262 3
995 2213 1201 2255 Nicholao
1223 2215 1276 2255 de
1298 2214 1458 2265 Huick,
1480 2215 1648 2269 Rogero
1669 2215 1722 2254 de
1743 2215 1785 2254 N
1787 2227 1867 2254 un-

343 2271 462 2322 wick‚
485 2273 567 2312 Μ1Γο
588 2273 788 2325 Mathaeo,
811 2275 990 2316 Ricardo
1012 2277 1334 2329 Imbreviatore,
1356 2282 1401 2319 et
1420 2278 1558 2334 a(liis)
1578 2278 1786 2332 pluribus·

406 2411 610 2448 CLXXIX.
644 2414 933 2452 GONOORDIA
968 2419 1123 2454 INTER
1155 2421 1417 2456 TENENTES
1450 2422 1518 2456 DE
1551 2420 1707 2456 RIPON
1740 2421 1802 2456 ET

521 2471 779 2509 TENENTES
813 2475 879 2509 DE
912 2476 1185 2513 BONDGATE
1220 2479 1282 2514 ET
1316 2479 1675 2515 ASMONDERBY.

782 2544 923 2587 (Rn‘ox
949 2546 1130 2583 CHAPTER
1154 2548 1232 2584 MS.
1282 2549 1324 2584 B.
1343 2550 1421 2595 21.)

432 2621 533 2661 Haec
564 2624 784 2663 concordia
815 2625 1052 2677 indenata,
1082 2628 1194 2669 faeta
1224 2631 1339 2671 inter
1369 2629 1566 2671 homines
1599 2633 1643 2671 et
1663 2633 1865 2671 tenentes

345 2682 396 2723 de
420 2684 556 2737 Ripon
579 2699 629 2725 ex
652 2700 737 2725 una
757 2691 891 2739 parte,
921 2693 964 2728 et
986 2689 1180 2732 homines
1203 2697 1246 2734 et
1269 2697 1471 2734 tenentes
1492 2694 1544 2734 de
1567 2693 1862 2746 Asmonderby

345 2751 387 2785 et
409 2747 627 2801 Bondgate
644 2749 770 2802 juxta
792 2751 929 2804 Ripon
953 2767 1003 2793 ex
1024 2755 1159 2796 altera
1179 2761 1314 2810 parte,
1336 2772 1412 2811 per
1442 2757 1685 2799 Johannem
1707 2757 1861 2810 Danby

343 2813 385 2847 et
408 2810 670 2851 willelmum
692 2813 935 2865 Walworth,
967 2819 1211 2871 armigeros,
1242 2822 1625 2861 commissionarios
1657 2835 1708 2862 ex
1738 2824 1860 2874 parte

529 2899 582 2935 (1)
610 2900 683 2934 The
702 2901 842 2947 hopper.
1190 2909 1247 2954 (2)
1277 2910 1351 2945 MS.
1371 2910 1434 2945 has
1452 2911 1666 2945 observanda.
