1935 3151
56 1487 152 1517 dated
167 1486 245 1525 May

58 1527 105 1563 18,
122 1527 210 1556 1341.

59 1811 145 1842 Writ
161 1814 192 1840 to

61 1853 115 1880 the
132 1850 246 1888 King's

62 1891 169 1919 Bcnch

62 1929 221 1966 enclosing

63 1978 205 1996 commis—

65 2007 141 2041 sion,
158 2008 226 2035 Oct.

66 2047 111 2082 15,
129 2047 214 2075 1:341.

77 2894 262 2930 Inquisition

764 160 1041 195 MEMORIALS
1077 161 1135 194 OF
1170 160 1329 194 RIPON.

283 286 457 314 necesse
479 272 611 314 fuerit
632 289 708 328 per
730 277 1042 315 sacramentum
1062 273 1292 326 proborum
1309 276 1353 312 et
1367 272 1572 326 legalium
1588 269 1815 312 hominum

285 338 337 377 de
359 339 568 378 comitatu
590 339 716 379 Ebor.
738 343 829 379 tam
851 338 961 377 infra
982 337 1204 377 libertates
1226 350 1354 390 quam
1377 339 1509 387 extra,
1531 349 1605 389 per
1628 350 1732 389 quos
1752 337 1815 376 rei

284 402 441 441 veritas
463 403 618 442 melius
643 404 738 443 sciri
760 403 932 456 poterit,
956 414 1082 454 super
1107 401 1334 453 praemissis
1354 400 1551 439 omnibus
1569 403 1614 439 et
1633 399 1815 454 singulis

284 465 454 518 plenius
473 467 710 516 veritatem,
727 479 893 506 necnon
909 466 962 505 ad
978 478 1125 504 omnes
1142 467 1187 504 et
1205 464 1395 518 singulos
1409 477 1513 516 quos
1530 464 1575 502 in
1588 464 1816 516 praemissis

284 529 520 582 culpabiles
534 531 718 570 inveniri
734 530 980 584 contigerit,
992 528 1117 582 juxta
1133 542 1281 568 corum
1296 528 1506 567 demerita
1518 527 1816 581 castigandum

285 596 330 632 et
352 594 635 646 puniendum.
696 594 754 633 Et
770 594 867 634 ideo
888 593 1006 633 Vobis
1028 592 1281 632 mandamus
1303 591 1415 645 quod
1437 591 1491 631 ad
1511 594 1678 631 certum
1699 591 1817 630 diem

285 670 414 709 quem
436 670 508 696 vos
530 660 726 709 quatuor,
748 660 851 707 tres,
873 657 939 697 vel
970 657 1063 696 duo*
1082 658 1273 696 vestrum
1294 655 1347 694 ad
1368 653 1447 694 hoc
1468 654 1738 708 provideritis
1764 654 1817 693 ad

284 718 514 772 hospitalia
537 721 739 773 praedicta
760 720 1043 773 personaliter
1064 719 1289 768 accedatis,
1313 722 1358 758 et
1378 718 1594 771 praemissa
1610 717 1753 757 omnia
1773 720 1819 757 et

285 783 454 836 singula
474 783 639 824 faciatis
663 788 707 824 et
729 784 935 837 expleatis
956 785 1001 823 in
1022 783 1158 823 forma
1177 783 1392 836 praedicta,
1415 786 1459 821 et
1480 796 1555 821 nos
1576 782 1623 821 in
1645 780 1818 822 Cancel-

284 847 388 886 laria
410 851 555 887 nostra
576 848 627 887 de
649 851 741 888 toto
763 848 874 888 facto
895 851 1038 887 vestro
1059 848 1104 886 in
1126 846 1207 887 hac
1228 850 1349 900 parte
1371 845 1631 886 certificetis.
1691 845 1819 884 Man-

284 912 478 951 davimus
532 913 647 951 enim
690 913 952 962 custodibus,
995 911 1213 961 fratribus,
1256 910 1482 960 sororibus,
1525 913 1570 949 et
1609 909 1818 948 ministris

283 974 561 1028 hospitalium
578 976 894 1028 praedictorum,
909 975 1021 1029 quod
1043 976 1160 1015 vobis
1183 977 1380 1028 quatuor,
1393 973 1547 1024 tribus,
1564 973 1631 1012 vel
1652 972 1818 1013 duobus

285 1042 475 1078 vestrum
507 1039 553 1078 in
585 1040 811 1092 praemissis
838 1039 1044 1079 faciendis
1078 1042 1121 1078 et
1154 1037 1388 1091 explendis,
1410 1040 1588 1090 pareant
1609 1039 1654 1076 et
1674 1036 1820 1075 inten-

285 1103 403 1152 dant,
435 1106 480 1142 et
511 1103 764 1143 Vicecomiti
795 1107 939 1143 nostro
971 1104 1200 1142 comitatus
1232 1101 1424 1155 praedicti
1444 1101 1556 1153 quod
1577 1100 1630 1140 ad
1652 1103 1820 1139 certum

285 1167 400 1206 diem
431 1180 560 1220 quem
589 1168 628 1207 ei
661 1168 765 1207 scire
798 1168 939 1218 faciet,
961 1168 1108 1206 venire
1139 1167 1268 1206 faciat
1297 1178 1438 1205 coram
1469 1165 1588 1204 vobis
1621 1167 1819 1217 quatuor,

285 1230 438 1281 tribus,
453 1231 520 1270 vel
533 1231 699 1271 duobus
714 1235 905 1271 vestrum
918 1232 971 1271 ad
985 1230 1213 1284 hospitalia
1226 1229 1443 1283 praedicta,
1453 1231 1520 1268 tot
1537 1232 1582 1268 et
1598 1228 1706 1268 tales
1721 1241 1819 1280 pro-

286 1294 361 1333 bos
384 1298 428 1334 et
449 1294 607 1349 legales
629 1294 824 1335 homines
847 1295 900 1335 de
921 1295 1079 1335 balliva
1102 1308 1177 1334 sua
1196 1298 1287 1333 tam
1315 1292 1427 1332 infra
1447 1292 1669 1332 libertates
1691 1305 1821 1344 quam

289 1360 421 1407 extra,
444 1372 520 1411 per
551 1372 655 1411 quos
686 1359 749 1398 rei
781 1360 937 1398 veritas
970 1360 1015 1397 in
1047 1358 1277 1412 praemissis
1299 1356 1455 1396 melius
1478 1357 1573 1396 sciri
1596 1356 1755 1409 poterit
1777 1358 1822 1395 et

287 1422 461 1473 inquiri.
524 1422 577 1461 In
618 1421 741 1475 cujus
782 1423 844 1462 rei
885 1423 1200 1472 testimonium,
1234 1420 1312 1460 has
1346 1420 1495 1460 literas
1527 1423 1691 1459 nostras
1728 1419 1821 1458 fieri

288 1484 466 1524 fecimus
487 1489 699 1538 patentes.
761 1487 888 1525 Teste
920 1500 988 1525 me
1010 1486 1102 1538 ipso
1129 1485 1242 1538 apud
1263 1484 1696 1523 Westmonasterium
1718 1481 1819 1535 xviij

290 1548 359 1588 die
389 1548 511 1599 Maii,
533 1563 644 1588 anno
674 1551 797 1604 regni
829 1550 965 1589 nostri
998 1549 1163 1603 Angliae
1195 1549 1348 1602 quinto
1379 1547 1559 1597 decimo,
1580 1547 1703 1600 regni
1726 1560 1823 1586 vero

289 1612 425 1652 nostri
448 1613 638 1653 Franciae
661 1614 859 1653 secundo.

381 1675 511 1729 Cujus
534 1677 707 1729 quidem
730 1678 1038 1717 commissionis
1064 1680 1259 1717 tenorem
1281 1676 1478 1716 dominus
1500 1675 1592 1715 Rex
1612 1674 1732 1714 misit
1753 1673 1823 1713 hic

290 1754 366 1793 per
387 1740 514 1780 breve
538 1754 663 1780 suum
686 1741 878 1781 clausum
900 1742 945 1780 in
967 1740 1056 1781 haec
1080 1741 1220 1781 verba.

382 1805 626 1854 Edwardus,
649 1805 729 1845 Dei
760 1807 902 1860 gracia
933 1806 1025 1845 Rex
1056 1806 1221 1859 Angliae
1254 1808 1298 1844 et
1329 1804 1520 1844 Franciae
1552 1805 1596 1843 et
1627 1803 1825 1842 dominus

294 1868 529 1919 Hiberniae,
552 1869 720 1909 dilectis
744 1873 789 1909 et
810 1870 1007 1909 fidelibus
1032 1870 1119 1908 suis
1140 1869 1356 1908 willelmo
1384 1867 1497 1918 Scot,
1521 1870 1566 1906 et
1593 1867 1713 1906 sociis
1737 1865 1825 1905 suis

296 1931 322 1971 J
327 1932 554 1971 usticiariis
576 1933 628 1972 ad
651 1933 807 1986 placita
835 1947 976 1973 coram
997 1933 1118 1973 nobis
1140 1933 1330 1972 tenenda
1361 1931 1603 1985 assignatis,
1627 1930 1825 1970 salutem.

296 1996 505 2035 Tenorem
542 1997 765 2050 cujusdam
798 1997 1107 2037 commissionis
1141 1999 1298 2036 nostrae
1334 1996 1501 2036 dilectis
1542 1998 1586 2034 et
1627 1993 1826 2034 fidelibus

297 2060 451 2098 nostris
484 2060 641 2100 Abbati
672 2061 725 2100 de
758 2061 984 2111 Fontibus,
1017 2059 1206 2101 Johanni
1238 2060 1291 2100 de
1321 2057 1581 2108 Wodehous,
1613 2057 1742 2097 Petro
1773 2056 1826 2096 de

299 2122 586 2174 Richemund,
624 2125 835 2164 Franconi
869 2125 922 2165 de
956 2125 1166 2177 Barneby,
1203 2127 1247 2164 et
1283 2122 1456 2162 Thomae
1492 2123 1544 2162 de
1578 2120 1743 2171 Salcok,
1773 2119 1827 2159 ad

300 2186 525 2239 hospitalia
568 2187 712 2228 Sancti
750 2189 776 2229 J
780 2188 962 2227 ohannis
1005 2191 1050 2227 et
1091 2188 1236 2227 Beatae
1277 2187 1424 2226 Mariae
1465 2185 1732 2239 Magdalenae
1773 2183 1827 2223 de

301 2250 465 2302 Rypon’
481 2251 693 2291 visitanda
706 2252 934 2306 assignatis
952 2251 1216 2301 factae,vobis
1230 2251 1448 2289 mittimus
1465 2248 1748 2302 praesentibus
1762 2247 1828 2286 in-

301 2314 551 2365 terclusum,
574 2319 624 2354 ut
655 2316 700 2354 in
732 2316 910 2369 negocio
942 2316 1057 2354 inter
1087 2328 1162 2354 nos
1196 2318 1240 2354 et
1273 2313 1511 2353 Robertum
1542 2313 1594 2352 de
1628 2311 1828 2364 Otteleye

302 2378 554 2429 possessioni
576 2379 681 2418 dicti
703 2378 925 2432 hospitalis
948 2378 1093 2418 Sancti
1125 2376 1333 2419 ,Iohannis
1365 2376 1558 2416 indebite
1588 2379 1638 2415 ut
1671 2374 1829 2414 dicitur

302 2440 642 2491 incumbentem,
683 2456 822 2481 coram
875 2442 997 2481 nobis
1049 2441 1281 2494 pendente,
1321 2439 1562 2479 consulcius
1603 2438 1829 2492 procedere

304 2504 493 2553 valeatis,
526 2507 652 2557 prout
683 2505 737 2544 de
764 2504 861 2558 jure
892 2509 936 2545 et
969 2505 1204 2544 secundum
1235 2505 1377 2557 legem
1409 2506 1454 2543 et
1474 2502 1830 2542 consuetudinem

303 2567 424 2619 regni
457 2569 592 2606 nostri
615 2567 780 2621 Angliae
813 2567 900 2607 fore
933 2568 1126 2607 videritis
1157 2567 1415 2607 faciendum.
1476 2566 1606 2605 Teste
1637 2578 1707 2604 me
1738 2565 1830 2617 ipso

303 2630 416 2683 apud
457 2631 901 2680 VVestmonasterium,
943 2645 996 2670 xv
1036 2632 1105 2671 die
1140 2631 1348 2681 OctobriS,
1385 2643 1496 2669 anno
1537 2629 1658 2683 regni
1694 2629 1830 2668 nostri

303 2694 469 2746 Angliae
491 2695 824 2746 quintodecimo,
846 2696 968 2748 regni
992 2708 1089 2734 vero
1110 2695 1244 2734 nostri
1266 2694 1457 2734 Franciae
1480 2692 1678 2733 secundo.

391 2757 530 2796 Tenor
561 2758 723 2798 recordi
756 2761 801 2797 et
832 2771 1049 2811 processus
1082 2758 1342 2797 visitacionis
1378 2756 1601 2810 hospitalis
1636 2755 1831 2809 praedicti

304 2823 421 2871 patet
447 2821 489 2859 in
513 2820 602 2861 haec
625 2822 764 2862 verba.

396 2884 626 2935 Inquisicio
667 2888 788 2938 capta
827 2899 963 2924 coram
998 2884 1163 2924 Abbate
1207 2885 1259 2924 de
1302 2885 1593 2937 Founteynes,
1634 2881 1830 2923 johanne
