1955 3068
100 137 191 184 102
811 151 1087 184 MEMORIALS
1123 151 1180 183 or
1217 151 1374 186 Rll‘ox.

95 269 149 316 nge
163 269 278 315 chun-ch
329 261 479 302 salutis
515 262 714 303 Auctore.
776 263 955 303 Noverit
986 263 1242 303 universitas
1285 269 1426 304 vestra
1466 277 1549 314 me,
1587 265 1656 318 pia
1692 269 1858 306 motum

94 314 124 338 ⁰¹
141 309 253 347 ¹³¹¹'⁰¹¹’
327 326 682 378 consideratione,
699 332 751 367 ·et
772 326 919 368 habito
944 331 1142 380 respectu
1170 328 1221 367 ad
1245 327 1355 368 bona
1386 332 1431 368 et
1460 329 1681 369 commoda
1711 344 1805 383 quae
1835 344 1860 369 a

326 389 452 430 beato
473 390 672 432 Wilfrido
693 391 846 445 Ripon’
867 395 913 432 et
933 392 1161 445 praebenda
1191 392 1244 432 de
1267 391 1574 448 Staynweghes
1595 393 1858 447 aliquamdiu

326 455 574 494 memoriter
609 457 765 509 recepi,
795 456 972 495 aedificia
1002 469 1097 495 mea
1130 469 1224 509 quae
1261 457 1306 496 in
1342 457 1443 497 villa
1476 456 1631 510 Ripon'
1654 458 1777 511 puris
1814 462 1860 497 et

325 519 506 572 propriis
530 520 774 572 sumptibus
797 524 842 560 et
864 520 1089 573 stipendiis
1112 521 1219 560 meis
1242 521 1460 561 construxi
1484 524 1528 560 et
1549 521 1754 561 aedificavi
1777 523 1857 574 piae

325 582 568 623 devocionis
600 584 782 633 intuitu,
815 584 905 624 Deo
937 588 982 623 et
1012 584 1138 624 beato
1159 584 1357 625 Wilfrido
1389 590 1434 625 et
1465 585 1633 625 fabricae
1667 586 1858 625 ecclesiae

326 646 478 699 Ripon’
519 647 686 687 dedisse
729 652 774 688 et
816 648 1043 688 salubriter
1083 649 1330 689 contulisse.
1393 650 1461 689 Ita
1497 649 1698 689 videlicet
1731 650 1858 703 quod,

326 710 451 750 salvis
473 710 603 751 michi
626 712 671 751 in
700 726 796 752 meo
828 715 1036 766 perpetuo
1067 713 1216 752 usibus
1249 714 1497 763 eorundem,
1519 714 1648 753 liceat
1669 714 1859 767 capitulo

324 774 439 814 beati
475 775 662 816 Wilfridi
705 776 870 829 Ripon’
891 791 976 816 una
1009 791 1108 816 cum
1142 777 1319 817 consilio
1356 782 1401 818 et
1437 792 1648 817 consensu
1684 779 1859 817 rectoris

88 850 208 880 Mater
223 851 257 880 of
323 838 491 879 fabricae
512 840 648 893 ipsius
671 841 859 881 ecclesiae
881 842 955 895 qui
976 855 1051 895 pro
1073 844 1265 895 tempore
1297 841 1443 893 fuerit,
1467 856 1566 897 erga
1599 856 1859 882 successores

88 890 196 919 fabric.
324 917 441 943 meos
473 903 605 943 michi
639 906 877 946 successive
912 906 1192 945 succedentes
1228 905 1297 946 vel
1333 906 1452 957 alios,
1487 909 1614 960 prout
1648 907 1709 946 eis
1742 906 1858 945 Deus

323 968 611 1021 inspiraverit,
633 969 686 1009 de
708 971 925 1023 praedictis
956 970 1146 1010 aedificiis
1169 971 1394 1024 disponere
1419 974 1547 1024 prout
1570 971 1648 1010 sub
1669 971 1859 1024 periculo

323 1033 563 1072 animarum
585 1047 759 1073 suarum
780 1034 964 1074 utilitati
987 1038 1032 1074 et
1052 1035 1320 1075 incremento
1341 1034 1510 1074 fabricae
1531 1035 1656 1074 dictae
1671 1034 1859 1074 ecclesiae

324 1097 512 1137 viderint
546 1098 761 1151 expedire,
796 1102 841 1138 et
875 1098 1004 1138 saluti
1046 1099 1200 1138 animae
1241 1112 1347 1139 meae
1381 1098 1584 1151 proficere
1618 1099 1777 1152 pariter
1814 1102 1860 1137 et

324 1161 538 1214 prodesse.
568 1162 676 1201 Volo
699 1163 846 1213 etiam,
857 1162 1005 1216 jubeo,
1023 1166 1068 1203 et
1084 1162 1280 1217 injungo,
1297 1166 1347 1202 ut
1363 1163 1660 1215 unusquisque
1678 1163 1859 1202 vicarius

88 1236 210 1281 anr’s-
324 1225 450 1265 dictae
472 1225 660 1266 ecclesiae
682 1226 798 1266 beati
819 1226 1010 1266 Wilfridi
1041 1227 1094 1267 de
1128 1227 1382 1280 supradictis
1408 1226 1598 1266 aedificiis
1619 1227 1859 1276 annuatim,

89 1275 186 1305 mmd.
325 1289 489 1329 scilicet
510 1290 580 1330 die
602 1291 881 1331 anniversarii
903 1291 1004 1342 mei,
1026 1291 1251 1331 duodecim
1274 1291 1467 1331 denarios
1490 1304 1567 1343 per
1579 1291 1860 1330 tradicionem

325 1353 430 1392 dicti
461 1354 639 1407 capituli
668 1358 712 1394 et
742 1355 919 1395 rectoris
951 1355 1120 1395 fabricae
1150 1355 1275 1395 dictae
1302 1354 1489 1395 ecclesiae
1511 1355 1731 1394 caritative
1763 1368 1860 1407 per-

324 1418 465 1470 cepiat
485 1416 592 1473 (sic)
613 1422 658 1458 et
679 1432 782 1473 rogo
802 1420 1020 1459 attencius
1043 1423 1089 1459 et
1110 1419 1264 1459 devote
1296 1420 1499 1472 quatinus
1533 1418 1715 1473 singulis
1737 1419 1860 1458 annis

326 1482 477 1521 eodem
518 1482 588 1522 die
629 1482 816 1522 officium
858 1483 1100 1537 specialiter
1132 1497 1208 1536 pro
1241 1483 1457 1523 defunctis
1494 1483 1773 1536 solempniter
1808 1482 1861 1522 ab

326 1546 432 1599 ipsis
455 1545 708 1586 celebretur.
742 1547 796 1588 In
817 1546 941 1600 cujus
963 1548 1025 1587 rei
1047 1548 1348 1588 testimonium
1370 1546 1469 1586 huic
1493 1547 1651 1600 scripto
1668 1547 1861 1601 sigillum

91 1624 275 1655 witnesses.
327 1623 474 1651 meum
504 1612 695 1665 apposui.
758 1612 856 1653 Hiis
887 1612 1103 1663 testibus,l
1136 1613 1356 1667 magistris
1379 1611 1572 1652 Galfrido
1603 1612 1656 1651 de
1689 1611 1861 1661 Larder,

328 1674 458 1714 Petro
494 1675 726 1728 capellano,
763 1674 926 1716 Thoma
959 1677 1012 1716 de
1047 1675 1255 1730 Kirkeby,
1293 1680 1398 1716 tunc
1432 1676 1644 1715 canonicis
1682 1673 1862 1728 Ripon’3

326 1739 513 1779 dominis
536 1740 754 1782 Willelmo
785 1741 838 1781 de
870 1740 1081 1791 Masham,
1113 1741 1347 1791 Jeronimo,
1379 1739 1581 1789 Mathaeo,
1604 1740 1790 1780 Roberto
1821 1738 1861 1779 le

328 1804 499 1857 Surays,
522 1807 626 1845 tunc
656 1805 824 1845 vicariis
856 1805 1077 1859 ejusdem3
1109 1806 1294 1846 dominis
1326 1805 1514 1845 Roberto
1546 1805 1597 1844 de
1631 1803 1862 1857 Coynners,

328 1868 463 1908 Alano
495 1868 548 1908 de
579 1869 791 1920 Aldefeld‚
823 1870 1009 1910 Patricio
1040 1870 1093 1909 de
1118 1869 1339 1920 VVestwik,
1371 1869 1612 1917 militibus3
1643 1868 1863 1907 willelmo

329 1931 473 1982 VVard,
507 1932 692 1973 Radulfo
723 1933 775 1973 de
808 1933 953 1987 Nuby,
986 1933 1172 1987 Symone
1204 1934 1257 1974 de
1293 1932 1553 1982 Munketon,
1586 1931 1778 1972 Galfrido
1810 1931 1862 1971 dc

331 1995 513 2050 Gilling,
536 1996 723 2050 Symone
747 1996 950 2049 Castelot,
974 2001 1018 2038 et
1039 1997 1187 2038 multis
1209 1998 1318 2038 aliis.

552 2173 636 2209 XX.
663 2173 1048 2210 OONFIRMATION
1082 2175 1144 2209 OF
1178 2175 1283 2209 TIIE
1317 2174 1445 2209 LAST
1480 2174 1664 2209 GRANT.

841 2259 1130 2305 (DARNBROUGH
1155 2258 1232 2293 ΜΞ.
1261 2258 1351 2302 xvi.)

99 2362 165 2391 The
182 2362 286 2400 (jhnpff
426 2345 648 2386 Universis
671 2344 831 2386 Christi
853 2345 1053 2386 fidelibus
1086 2344 1162 2384 has
1196 2345 1340 2385 literas
1363 2345 1516 2384 visuris
1538 2344 1603 2384 vel
1636 2343 1864 2393 audituris,

100 2403 199 2479 ζζρὲζ]
337 2408 502 2449 humile
542 2410 781 2463 capitulum
822 2409 938 2449 beati
971 2408 1159 2449 Wilfridi
1194 2408 1372 2463 Rypon',
1408 2408 1591 2448 salutem
1628 2409 1672 2447 in
1713 2407 1863 2447 salutis

204 2462 210 2469 ’
337 2473 536 2514 Auctore.
599 2473 707 2514 Cum
729 2474 850 2514 bonae
883 2474 1101 2513 memoriae
1122 2473 1322 2513 dominus
1346 2471 1566 2513 Galfridus
1589 2472 1641 2511 de
1664 2470 1866 2520 Bocland,

336 2538 552 2591 quondam
573 2538 783 2577 confrater
805 2541 850 2577 et
880 2539 1189 2577 concanonicus
1216 2541 1377 2588 noster,
1400 2537 1546 2576 domos
1569 2550 1664 2575 suas
1686 2535 1865 2589 propriis

339 2601 584 2655 sumptibus
598 2602 643 2640 in
658 2600 822 2654 Rypon'
834 2601 1076 2651 aedificatas,
1091 2604 1136 2641 et
1149 2601 1325 2641 aedificia
1342 2615 1418 2640 sua
1434 2601 1595 2640 ibidem
1609 2603 1865 2647 constructa,

337 2665 523 2719 Spiritus
565 2665 710 2705 Sancti
742 2665 1026 2718 inspiracione
1058 2669 1103 2705 et
1134 2665 1426 2704 illustracione
1460 2677 1706 2713 succensus,
1738 2666 1783 2702 et
1814 2676 1865 2702 ex

335 2729 468 2768 animi
492 2729 558 2768 sui
579 2728 838 2769 liberalitate
860 2728 950 2768 Deo
972 2733 1017 2768 et
1038 2728 1163 2768 beato
1185 2728 1382 2768 Wilfrido
1411 2731 1455 2768 et
1475 2727 1644 2767 fabricae
1676 2726 1865 2766 ecclesiae

335 2796 491 2832 nostrae
512 2806 610 2832 cum
631 2792 910 2846 pertinenciis
933 2793 1152 2832 caritative
1175 2792 1432 2842 contulerat,
1445 2805 1521 2831 nos
1543 2805 1627 2830 non
1646 2790 1864 2829 immerito

408 2901 464 2945 (l)
492 2901 584 2936 Note
604 2901 663 2938 the
683 2914 740 2937 u=c
760 2902 800 2935 os
813 2904 821 2920 ‘
838 2901 1023 2947 magister*
1043 2901 1095 2936 sor
1113 2913 1255 2945 canons,
1274 2902 1342 2936 and
1362 2900 1572 2935 ‘dominus'
1591 2899 1645 2934 for
1664 2899 1788 2934 vicars.
