1935 3151
563 156 790 192 ORIGINAL
824 157 1114 193 DOCUMENTS.

76 265 256 312 Verbum
297 271 425 324 prout
462 269 641 311 inferius
673 271 934 312 continetur.
1011 271 1216 326 Inprimis
1259 272 1528 312 examinatus
1564 275 1609 313 et

77 336 369 389 interrogatus
391 348 520 388 quem
544 338 705 374 statum
737 334 867 375 habet
898 337 943 375 in
970 335 1086 376 dicto
1118 335 1334 390 hospitali,
1357 337 1463 376 dicit
1495 337 1607 390 quod

77 398 208 439 habet
229 399 337 438 illud
359 397 568 452 hospitale
600 412 652 438 ex
682 399 894 439 colacione
926 400 1088 440 domini
1110 400 1319 440 willelmi
1350 401 1402 440 de
1426 400 1609 440 Melton’

76 477 214 517 nuper
246 464 372 502 Ebor.
393 461 724 517 Archiepiscopi‚
747 463 985 504 fundatoris
1018 469 1061 504 et
1093 466 1262 519 patroni
1295 465 1488 519 ejusdem
1510 464 1610 504 hos-

76 528 234 581 pitalis,
257 527 309 566 ad
331 527 566 566 terminum
588 528 687 567 vitae
711 541 810 577 31110,
834 532 879 568 et
900 529 1268 569 confirmacionem
1287 530 1451 569 domini
1474 530 1609 569 nostri

77 591 210 645 Regis
231 604 359 641 1111110,
381 604 484 643 quas
507 591 681 644 quidem
703 591 980 632 collacionem
1002 598 1046 632 et
1068 593 1443 634 confirmacionem
1465 597 1610 633 osten-

76 656 189 696 didit
231 655 310 695 sub
348 655 467 705 sera,¹
511 659 557 695 et
592 655 699 696 dicit
739 656 854 709 quod
895 656 1196 697 fundacionem
1238 658 1344 698 dicti
1385 657 1609 712 hospitalis

75 733 297 773 nunquam
320 718 430 758 vidit
452 719 718 772 inscriptam.
783 719 901 760 Dicit
921 724 1067 761 tamen
1090 722 1202 775 quod
1226 722 1393 762 audivit
1413 736 1437 762 a
1457 722 1608 762 multis

75 784 308 837 majoribus
331 787 375 823 et
398 783 634 823 senioribus
665 784 779 836 quod
811 785 978 824 dictum
1009 784 1223 839 hospitale
1255 790 1346 826 erat
1376 786 1608 826 fundatum

74 862 150 902 pro
193 848 509 887 sustentacione
550 862 788 901 pauperum
829 848 1011 888 fratrum
1054 853 1098 889 et
1137 864 1328 890 sororum
1365 851 1470 890 dicti
1512 849 1609 890 hos-

73 912 234 966 pitalis,
255 925 370 951 nunc
393 925 492 951 vero
512 925 597 951 non
621 915 723 952 sunt
744 912 805 952 ibi
827 912 979 953 fratres
1002 916 1046 953 et·
1068 927 1242 964 sororeS‚
1266 918 1328 955 set
1352 928 1403 955 ex
1424 915 1608 968 quadam

74 977 157 1016 alia
177 976 448 1016 ordinacione
471 976 632 1016 debent
654 989 745 1017 esse
769 977 853 1016 duo
876 977 1114 1017 sacerdotes
1137 979 1181 1017 iu
1205 979 1356 1018 eodem
1388 977 1606 1032 hospitali,

75 1054 258 1094 quorum
279 1040 386 1080 alter
407 1043 549 1093 potest
571 1054 664 1081 esse
688 1040 839 1082 Custos
863 1040 1058 1094 ejusdem
1087 1041 1309 1096 hospitalis
1333 1043 1367 1082 si
1391 1043 1446 1083 sit
1468 1043 1607 1096 capel-

75 1105 213 1145 lanus.
275 1104 390 1144 Item
421 1104 534 1157 quod
555 1104 629 1144 alii
660 1107 747 1144 tres
780 1105 1018 1145 sacerdotes
1050 1106 1258 1146 deberent
1289 1120 1381 1147 esse
1412 1108 1457 1146 in
1491 1108 1605 1147 dicto

75 1167 277 1222 hospitali
298 1182 375 1222 pro
395 1169 636 1208 redditibus
658 1169 711 1208 de
744 1168 919 1222 Stodlay
940 1170 1108 1209 noviter
1138 1170 1398 1224 adquaesstis,
1421 1185 1604 1224 quorum

75 1233 259 1286 quilibet
289 1233 513 1272 annuatim
534 1233 722 1286 recipere
755 1233 933 1273 deberet
963 1235 1152 1287 quinque
1175 1249 1336 1275 marcas
1357 1236 1526 1290 argenti
1559 1239 1604 1275 et

76 1296 386 1337 habitaeionem
429 1300 779 1350 comppetentem
810 1298 855 1336 in
897 1298 1012 1338 dicto
1044 1297 1259 1352 hospitali.
1320 1300 1387 1339 Ad
1418 1314 1603 1353 praesens

73 1363 220 1401 tamen
234 1375 319 1400 non
335 1365 434 1400 sunt
457 1361 502 1400 in
524 1361 639 1400 dicto
660 1359 860 1414 hospitali
875 1363 958 1401 nisi
980 1366 1161 1415 quatuor
1177 1364 1399 1416 capellani,
1422 1378 1604 1417 quorum

74 1438 186 1464 unus
217 1425 332 1464 idem
365 1424 516 1465 Custos
548 1428 628 1474 est,
652 1428 696 1464 et
726 1423 804 1465 hoc
835 1430 1009 1479 propter
1041 1427 1279 1467 exilitatem
1310 1427 1531 1468 fructuum
1563 1431 1607 1468 et

74 1489 325 1529 reddituum
360 1489 413 1528 de
449 1488 639 1542 Stodlay,
676 1489 750 1542 qui
783 1503 870 1529 non
906 1490 1053 1530 valent
1089 1491 1142 1531 ad
1174 1505 1360 1545 praesens
1392 1492 1506 1532 ultra
1536 1506 1608 1532 sex

74 1565 250 1593 marcas.
312 1553 592 1592 Examinatus
636 1566 761 1606 super
802 1554 1042 1594 inventario
1084 1556 1279 1595 omnium
1321 1556 1531 1597 bonorum
1564 1560 1607 1597 et

76 1620 193 1656 statu
215 1617 340 1657 dictae
361 1617 513 1656 domus
534 1620 728 1670 tempore
750 1617 991 1658 collacionis
1015 1619 1096 1659 sibi
1116 1619 1254 1669 factae,
1271 1620 1508 1674 dicitquod
1522 1634 1608 1660 non

75 1681 243 1720 invenit
276 1680 439 1720 ibidem
474 1684 580 1720 tunc
617 1681 758 1734 aliqua
794 1682 949 1731 averia,
971 1696 1051 1722 nec
1084 1683 1195 1723 bona
1220 1683 1289 1723 vel
1320 1685 1473 1724 catalla
1503 1685 1609 1724 dicti

76 1743 314 1798 hospitalis,
336 1745 419 1783 nisi
441 1744 570 1784 libros
593 1748 638 1784 et
669 1749 920 1785 ornamenta
952 1747 1124 1800 capellae
1157 1747 1366 1800 ejusdem,
1389 1749 1461 1787 sed
1483 1749 1609 1790 modo

77 1812 179 1848 sunt
210 1809 371 1848 ibidem
397 1809 551 1859 averia,
573 1808 683 1848 bona
716 1812 759 1848 et
791 1810 943 1849 catalla
974 1811 1026 1849 ad
1058 1810 1292 1850 valenciam
1325 1812 1609 1865 quadraginta

75 1872 295 1923 librarum,
332 1886 426 1925 quse
464 1873 607 1912 omnia
639 1876 683 1912 et
718 1873 887 1928 singula
920 1874 1033 1914 decit
1067 1872 1174 1930 (sic)
1203 1889 1296 1915 esse
1332 1890 1406 1915 sua
1439 1877 1607 1929 propria

75 1936 241 1987 catalla,
265 1940 308 1976 et
329 1936 381 1976 ad
403 1936 671 1976 voluntatem
695 1950 829 1986 suam,
852 1940 941 1977 tam
962 1939 1004 1977 in
1029 1942 1168 1978 morte
1191 1953 1319 1992 quam
1340 1940 1386 1979 in
1408 1941 1508 1980 vita.
1550 1941 1606 1980 Et

76 2001 179 2040 dicit
222 2001 335 2053 quod
376 2004 518 2040 0113103
553 2000 658 2040 dicti
695 1999 917 2054 hospitalis
952 2002 1133 2055 singulis
1177 2003 1300 2042 annis
1333 2003 1402 2043 die
1440 2003 1606 2044 Sanctae

76 2064 224 2104 Mariae
260 2064 526 2117 Magdalenae
558 2067 734 2104 tenetur
765 2065 1024 2105 distribuere
1059 2067 1241 2121 singulis
1272 2068 1529 2120 pauperibus
1561 2069 1606 2108 in

76 2128 190 2168 dicto
221 2127 432 2181 hospitale
464 2128 744 2168 elemosinam
776 2130 1041 2182 petentibus,
1073 2144 1211 2170 unum
1252 2145 1406 2185 panem
1445 2136 1487 2171 et
1522 2132 1607 2172 duo

76 2192 222 2242 alacia,
246 2196 290 2232 et
319 2191 398 2232 hoc
429 2191 532 2232 fecit
562 2196 655 2232 toto
685 2197 878 2246 tempore
909 2207 985 2234 suo
1016 2198 1059 2234 et
1089 2194 1218 2235 faciet
1238 2199 1289 2235 ut
1311 2196 1430 2235 dicit.
1492 2196 1606 2235 Item

77 2256 181 2296 dicit
203 2256 315 2309 quod
349 2257 383 2295 si
407 2260 519 2296 esset
540 2257 694 2310 aliquis
717 2257 934 2311 leperosus
956 2258 1008 2297 de
1031 2258 1229 2298 libertate
1252 2259 1430 2313 Rypon’‚
1455 2259 1606 2300 Custos

78 2321 182 2360 dicti
208 2320 430 2374 hospitalis
462 2324 639 2361 tenetur
660 2322 803 2375 ipsum
824 2323 1013 2375 recipere
1037 2336 1135 2362 cum
1157 2323 1280 2363 bonis
1304 2325 1391 2364 suis
1415 2325 1448 2363 si
1470 2329 1605 2377 petat,

77 2388 122 2425 et
142 2385 335 2424 invenire
357 2385 437 2425 sibi
459 2385 636 2425 domum
657 2400 732 2439 pro
752 2398 869 2426 mora
892 2399 966 2425 sua
987 2386 1163 2438 ibidem,
1186 2391 1228 2427 et
1251 2387 1349 2428 dare
1369 2389 1407 2428 ei
1423 2389 1605 2443 singulis

78 2449 327 2502 septimanis
349 2462 486 2489 unum
508 2449 670 2502 pekum
691 2450 901 2490 frumenti
922 2454 968 2490 et
988 2464 1124 2490 unum
1147 2452 1385 2503 denarium,
1408 2456 1449 2492 et
1475 2453 1605 2492 simili

77 2512 202 2552 modo
232 2515 407 2552 tenetur
438 2513 680 2566 quemlibet
710 2514 978 2567 capellanum
1009 2528 1168 2555 caecum
1194 2516 1247 2556 de
1270 2516 1385 2556 dicta
1405 2517 1604 2557 libertate

78 2579 231 2616 natum
266 2577 467 2630 recipere,
499 2577 533 2616 si
558 2581 694 2630 petat,
723 2591 823 2617 cum
850 2577 972 2618 bonis
1006 2579 1107 2630 suis,
1140 2582 1185 2619 et
1217 2581 1360 2633 ipsum
1389 2579 1605 2633 hospitare

78 2639 256 2690 ibidem,
293 2644 338 2680 et
370 2640 555 2680 similem
589 2641 865 2680 elemosinam
896 2645 947 2681 ut
984 2655 1109 2696 supra
1142 2644 1323 2698 singulis
1355 2645 1604 2696 septimanis

79 2703 239 2743 eisdem
259 2704 462 2754 tribuere,
485 2705 538 2744 ad
560 2719 653 2758 quae
677 2706 819 2744 omnia
841 2710 885 2745 et
909 2706 1077 2760 singula
1105 2706 1299 2747 facienda
1321 2712 1363 2747 et
1386 2708 1604 2761 implenda

79 2769 171 2806 toto
192 2770 383 2820 tempore
408 2781 483 2807 suo
504 2768 602 2819 fuit,
625 2773 705 2819 est,
728 2774 773 2809 et
795 2769 875 2809 erit
899 2775 1086 2823 paratim,
1109 2775 1157 2810 ut
1183 2771 1301 2811 dicit.
1364 2771 1477 2811 Item
1499 2772 1602 2811 (11011

81 2830 195 2883 quod
215 2829 408 2883 tempore
437 2845 512 2871 suo
542 2846 628 2872 non
662 2833 749 2872 sint
779 2833 919 2886 aliqua
944 2833 1051 2874 bona
1081 2834 1186 2874 dicti
1218 2834 1442 2888 hospitalis
1465 2835 1530 2875 vel
1553 2836 1602 2876 ad

317 2908 373 2953 (l)
402 2908 449 2942 90
469 2909 503 2942 in
523 2909 613 2949 MS„
631 2910 781 2957 perhaps
800 2910 854 2946 for
869 2912 930 2945 sub
947 2924 1037 2955 cern,
1054 2913 1166 2946 under
1182 2913 1263 2947 seal.

1748 148 1774 194 ιο

1783 148 1808 194 ω

1816 148 1842 197 -J

1644 478 1726 516 Abp.
1743 477 1824 508 Mel-

1645 520 1699 546 ton
1717 527 1735 546 a

1644 557 1786 587 founder.

1645 728 1703 767 Obj
1710 731 1774 759 ects

1644 770 1678 797 of
1690 769 1742 797 the

1644 809 1841 839 foundation.

1643 1568 1748 1598 Goods
1764 1569 1825 1598 and

1643 1609 1788 1638 chattels.

1643 1954 1744 1985 Dolcs.

1640 2266 1764 2305 Lepers.
