<?xml version="1.0" encoding="UTF-8"?>
<!DOCTYPE html PUBLIC "-//W3C//DTD XHTML 1.0 Transitional//EN"
    "http://www.w3.org/TR/xhtml1/DTD/xhtml1-transitional.dtd">
<html xmlns="http://www.w3.org/1999/xhtml" xml:lang="en" lang="en">
 <head>
  <title>
</title>
<meta http-equiv="Content-Type" content="text/html;charset=utf-8" />
  <meta name='ocr-system' content='tesseract 3.04.00' />
  <meta name='ocr-capabilities' content='ocr_page ocr_carea ocr_par ocr_line ocrx_word'/>
</head>
<body>
  <div class='ocr_page' id='page_1' title='image "./memorialsofchurc01fowl/memorialsofchurc01fowl_0283.png"; bbox 0 0 1935 3151; ppageno 0'>
   <div class='ocr_carea' id='block_1_1' title="bbox 580 167 1134 199">
    <p class='ocr_par' dir='ltr' id='par_1_1' title="bbox 580 167 1134 199">
     <span class='ocr_line' id='line_1_1' title="bbox 580 167 1134 199; baseline -0.004 0"><span class='ocrx_word' id='word_1_1' title='bbox 580 167 806 199; x_wconf 69' lang='grc' dir='ltr'>(1111(”;1Ν.-11,</span> <span class='ocrx_word' id='word_1_2' title='bbox 850 168 887 198; x_wconf 87' lang='grc'>1)(</span> <span class='ocrx_word' id='word_1_3' title='bbox 899 167 1000 199; x_wconf 62' lang='lat' dir='ltr'>&gt;cvii</span> <span class='ocrx_word' id='word_1_4' title='bbox 1015 167 1134 198; x_wconf 61' lang='lat' dir='ltr'>llx&#39;l‘s.</span> 
     </span>
    </p>
   </div>
   <div class='ocr_carea' id='block_1_2' title="bbox 95 277 1646 1806">
    <p class='ocr_par' dir='ltr' id='par_1_2' title="bbox 95 277 1646 1806">
     <span class='ocr_line' id='line_1_2' title="bbox 95 277 1630 334; baseline -0.007 -11"><span class='ocrx_word' id='word_1_5' title='bbox 95 287 313 323; x_wconf 70' lang='lat' dir='ltr'>carucatas</span> <span class='ocrx_word' id='word_1_6' title='bbox 355 285 478 321; x_wconf 75' lang='lat' dir='ltr'>terrae</span> <span class='ocrx_word' id='word_1_7' title='bbox 522 282 565 320; x_wconf 92' lang='grc'>111</span> <span class='ocrx_word' id='word_1_8' title='bbox 613 279 959 334; x_wconf 80' lang='lat' dir='ltr'>[ugeringtborp,</span> <span class='ocrx_word' id='word_1_9' title='bbox 997 293 1101 332; x_wconf 82' lang='lat' dir='ltr'>quas</span> <span class='ocrx_word' id='word_1_10' title='bbox 1137 279 1321 318; x_wconf 74' lang='lat' dir='ltr'>emimus·</span> <span class='ocrx_word' id='word_1_11' title='bbox 1355 277 1407 316; x_wconf 82' lang='lat' dir='ltr'>dc</span> <span class='ocrx_word' id='word_1_12' title='bbox 1443 277 1630 315; x_wconf 73' lang='lat' dir='ltr'>Jordnno</span> 
     </span>
     <span class='ocr_line' id='line_1_3' title="bbox 99 340 1632 400; baseline -0.005 -14"><span class='ocrx_word' id='word_1_13' title='bbox 99 350 254 400; x_wconf 79' lang='lat' dir='ltr'>nepotc</span> <span class='ocrx_word' id='word_1_14' title='bbox 287 345 606 399; x_wconf 61' lang='lat' dir='ltr'>praedecessoris</span> <span class='ocrx_word' id='word_1_15' title='bbox 638 345 771 383; x_wconf 79' lang='lat' dir='ltr'>nostri</span> <span class='ocrx_word' id='word_1_16' title='bbox 806 344 925 383; x_wconf 71' lang='lat' dir='ltr'>home</span> <span class='ocrx_word' id='word_1_17' title='bbox 952 344 1167 383; x_wconf 69' lang='lat' dir='ltr'>memorizc</span> <span class='ocrx_word' id='word_1_18' title='bbox 1191 342 1369 381; x_wconf 87' lang='lat' dir='ltr'>Henrici</span> <span class='ocrx_word' id='word_1_19' title='bbox 1399 340 1632 392; x_wconf 78' lang='lat' dir='ltr'>archicpis-</span> 
     </span>
     <span class='ocr_line' id='line_1_4' title="bbox 100 404 1633 464; baseline -0.005 -15"><span class='ocrx_word' id='word_1_20' title='bbox 100 411 208 464; x_wconf 83' lang='lat' dir='ltr'>copi,</span> <span class='ocrx_word' id='word_1_21' title='bbox 250 424 354 462; x_wconf 84' lang='lat' dir='ltr'>quas</span> <span class='ocrx_word' id='word_1_22' title='bbox 398 409 512 448; x_wconf 84' lang='lat' dir='ltr'>idem</span> <span class='ocrx_word' id='word_1_23' title='bbox 553 408 894 462; x_wconf 69' lang='lat' dir='ltr'>archiepiscopus</span> <span class='ocrx_word' id='word_1_24' title='bbox 937 411 1099 447; x_wconf 84' lang='lat' dir='ltr'>emerat</span> <span class='ocrx_word' id='word_1_25' title='bbox 1150 407 1201 446; x_wconf 90' lang='grc'>(10</span> <span class='ocrx_word' id='word_1_26' title='bbox 1246 406 1493 445; x_wconf 88' lang='lat' dir='ltr'>Normanno</span> <span class='ocrx_word' id='word_1_27' title='bbox 1544 404 1633 442; x_wconf 83' lang='lat' dir='ltr'>filio</span> 
     </span>
     <span class='ocr_line' id='line_1_5' title="bbox 102 467 1633 525; baseline -0.005 -11"><span class='ocrx_word' id='word_1_28' title='bbox 102 475 293 515; x_wconf 73' lang='lat' dir='ltr'>Uctrcdi.</span> <span class='ocrx_word' id='word_1_29' title='bbox 356 474 562 513; x_wconf 81' lang='lat' dir='ltr'>Dedimus</span> <span class='ocrx_word' id='word_1_30' title='bbox 593 479 739 512; x_wconf 82' lang='lat' dir='ltr'>autem</span> <span class='ocrx_word' id='word_1_31' title='bbox 772 472 974 525; x_wconf 72' lang='lat' dir='ltr'>praeslicto</span> <span class='ocrx_word' id='word_1_32' title='bbox 1003 471 1233 510; x_wconf 80' lang='lat' dir='ltr'>camerario</span> <span class='ocrx_word' id='word_1_33' title='bbox 1255 473 1400 509; x_wconf 79' lang='lat' dir='ltr'>nostro</span> <span class='ocrx_word' id='word_1_34' title='bbox 1433 467 1633 507; x_wconf 60' lang='grc'>011111010-</span> 
     </span>
     <span class='ocr_line' id='line_1_6' title="bbox 100 532 1631 587; baseline -0.006 -9"><span class='ocrx_word' id='word_1_35' title='bbox 100 538 226 578; x_wconf 83' lang='lat' dir='ltr'>(libus</span> <span class='ocrx_word' id='word_1_36' title='bbox 258 539 358 587; x_wconf 79' lang='lat' dir='ltr'>suis,</span> <span class='ocrx_word' id='word_1_37' title='bbox 380 538 616 577; x_wconf 84' lang='lat' dir='ltr'>antedictas</span> <span class='ocrx_word' id='word_1_38' title='bbox 648 539 863 576; x_wconf 80' lang='lat' dir='ltr'>carucatas</span> <span class='ocrx_word' id='word_1_39' title='bbox 896 539 1020 575; x_wconf 61' lang='lat' dir='ltr'>terrie</span> <span class='ocrx_word' id='word_1_40' title='bbox 1052 549 1149 574; x_wconf 88' lang='lat' dir='ltr'>cum</span> <span class='ocrx_word' id='word_1_41' title='bbox 1182 534 1361 573; x_wconf 82' lang='lat' dir='ltr'>dimidio</span> <span class='ocrx_word' id='word_1_42' title='bbox 1392 532 1631 571; x_wconf 84' lang='lat' dir='ltr'>molendini</span> 
     </span>
     <span class='ocr_line' id='line_1_7' title="bbox 100 596 1635 655; baseline -0.005 -14"><span class='ocrx_word' id='word_1_43' title='bbox 100 602 212 655; x_wconf 84' lang='lat' dir='ltr'>quod</span> <span class='ocrx_word' id='word_1_44' title='bbox 229 602 281 641; x_wconf 85' lang='lat' dir='ltr'>ad</span> <span class='ocrx_word' id='word_1_45' title='bbox 299 616 369 641; x_wconf 86' lang='lat' dir='ltr'>eas</span> <span class='ocrx_word' id='word_1_46' title='bbox 387 601 590 654; x_wconf 73' lang='lat' dir='ltr'>pertinet,</span> <span class='ocrx_word' id='word_1_47' title='bbox 606 604 651 640; x_wconf 80' lang='lat' dir='ltr'>et</span> <span class='ocrx_word' id='word_1_48' title='bbox 672 614 770 639; x_wconf 86' lang='lat' dir='ltr'>cum</span> <span class='ocrx_word' id='word_1_49' title='bbox 789 600 987 639; x_wconf 87' lang='lat' dir='ltr'>omnibus</span> <span class='ocrx_word' id='word_1_50' title='bbox 1004 599 1098 638; x_wconf 85' lang='lat' dir='ltr'>aliis</span> <span class='ocrx_word' id='word_1_51' title='bbox 1116 598 1242 638; x_wconf 86' lang='lat' dir='ltr'>rebus</span> <span class='ocrx_word' id='word_1_52' title='bbox 1257 597 1309 636; x_wconf 81' lang='lat' dir='ltr'>ad</span> <span class='ocrx_word' id='word_1_53' title='bbox 1327 611 1396 636; x_wconf 83' lang='lat' dir='ltr'>eas</span> <span class='ocrx_word' id='word_1_54' title='bbox 1414 596 1635 649; x_wconf 83' lang='lat' dir='ltr'>pertinen-</span> 
     </span>
     <span class='ocr_line' id='line_1_8' title="bbox 101 661 1636 718; baseline -0.005 -12"><span class='ocrx_word' id='word_1_55' title='bbox 101 667 219 706; x_wconf 82' lang='lat' dir='ltr'>tibus</span> <span class='ocrx_word' id='word_1_56' title='bbox 251 667 295 705; x_wconf 92' lang='lat' dir='ltr'>in</span> <span class='ocrx_word' id='word_1_57' title='bbox 318 666 442 705; x_wconf 86' lang='lat' dir='ltr'>bosco</span> <span class='ocrx_word' id='word_1_58' title='bbox 474 668 517 705; x_wconf 87' lang='lat' dir='ltr'>et</span> <span class='ocrx_word' id='word_1_59' title='bbox 548 665 676 718; x_wconf 84' lang='lat' dir='ltr'>plano</span> <span class='ocrx_word' id='word_1_60' title='bbox 709 668 750 703; x_wconf 89' lang='lat' dir='ltr'>et</span> <span class='ocrx_word' id='word_1_61' title='bbox 785 664 907 716; x_wconf 79' lang='lat' dir='ltr'>aquis</span> <span class='ocrx_word' id='word_1_62' title='bbox 939 667 983 703; x_wconf 81' lang='lat' dir='ltr'>et</span> <span class='ocrx_word' id='word_1_63' title='bbox 1015 664 1148 716; x_wconf 83' lang='lat' dir='ltr'>pratis</span> <span class='ocrx_word' id='word_1_64' title='bbox 1172 667 1216 702; x_wconf 81' lang='lat' dir='ltr'>et</span> <span class='ocrx_word' id='word_1_65' title='bbox 1238 662 1405 715; x_wconf 82' lang='lat' dir='ltr'>pascuis</span> <span class='ocrx_word' id='word_1_66' title='bbox 1427 664 1471 700; x_wconf 80' lang='lat' dir='ltr'>et</span> <span class='ocrx_word' id='word_1_67' title='bbox 1494 661 1636 709; x_wconf 86' lang='lat' dir='ltr'>terris,</span> 
     </span>
     <span class='ocr_line' id='line_1_9' title="bbox 101 724 1637 780; baseline -0.005 -10"><span class='ocrx_word' id='word_1_68' title='bbox 101 731 250 780; x_wconf 84' lang='lat' dir='ltr'>libcrc,</span> <span class='ocrx_word' id='word_1_69' title='bbox 272 744 370 770; x_wconf 91' lang='lat' dir='ltr'>cum</span> <span class='ocrx_word' id='word_1_70' title='bbox 393 730 592 769; x_wconf 81' lang='lat' dir='ltr'>omnibus</span> <span class='ocrx_word' id='word_1_71' title='bbox 607 728 882 768; x_wconf 71' lang='lat' dir='ltr'>libertatibus</span> <span class='ocrx_word' id='word_1_72' title='bbox 906 732 951 767; x_wconf 72' lang='lat' dir='ltr'>et</span> <span class='ocrx_word' id='word_1_73' title='bbox 971 726 1356 767; x_wconf 80' lang='lat' dir='ltr'>consuetudinibus</span> <span class='ocrx_word' id='word_1_74' title='bbox 1378 726 1420 764; x_wconf 90' lang='lat' dir='ltr'>in</span> <span class='ocrx_word' id='word_1_75' title='bbox 1446 724 1570 764; x_wconf 83' lang='lat' dir='ltr'>feodo</span> <span class='ocrx_word' id='word_1_76' title='bbox 1592 727 1637 762; x_wconf 83' lang='lat' dir='ltr'>et</span> 
     </span>
     <span class='ocr_line' id='line_1_10' title="bbox 103 790 1638 844; baseline -0.005 -10"><span class='ocrx_word' id='word_1_77' title='bbox 103 794 368 844; x_wconf 77' lang='lat' dir='ltr'>haereditate,</span> <span class='ocrx_word' id='word_1_78' title='bbox 391 794 601 833; x_wconf 85' lang='lat' dir='ltr'>tenendas</span> <span class='ocrx_word' id='word_1_79' title='bbox 633 793 686 832; x_wconf 86' lang='grc'>(10</span> <span class='ocrx_word' id='word_1_80' title='bbox 710 793 832 831; x_wconf 84' lang='lat' dir='ltr'>nobis</span> <span class='ocrx_word' id='word_1_81' title='bbox 865 796 909 831; x_wconf 69' lang='lat' dir='ltr'>etr</span> <span class='ocrx_word' id='word_1_82' title='bbox 931 791 1243 831; x_wconf 86' lang='lat' dir='ltr'>successoribus</span> <span class='ocrx_word' id='word_1_83' title='bbox 1265 790 1421 829; x_wconf 88' lang='lat' dir='ltr'>nostris</span> <span class='ocrx_word' id='word_1_84' title='bbox 1444 802 1518 841; x_wconf 87' lang='lat' dir='ltr'>pro</span> <span class='ocrx_word' id='word_1_85' title='bbox 1551 801 1638 827; x_wconf 85' lang='lat' dir='ltr'>ser-</span> 
     </span>
     <span class='ocr_line' id='line_1_11' title="bbox 103 852 1638 911; baseline -0.005 -13"><span class='ocrx_word' id='word_1_86' title='bbox 103 859 210 898; x_wconf 76' lang='lat' dir='ltr'>vitio</span> <span class='ocrx_word' id='word_1_87' title='bbox 231 862 280 897; x_wconf 59' lang='lat' dir='ltr'>xm</span> <span class='ocrx_word' id='word_1_88' title='bbox 301 859 433 911; x_wconf 88' lang='lat' dir='ltr'>partis</span> <span class='ocrx_word' id='word_1_89' title='bbox 456 859 585 897; x_wconf 88' lang='lat' dir='ltr'>unius</span> <span class='ocrx_word' id='word_1_90' title='bbox 617 857 730 897; x_wconf 89' lang='lat' dir='ltr'>feodi</span> <span class='ocrx_word' id='word_1_91' title='bbox 763 856 929 895; x_wconf 86' lang='lat' dir='ltr'>militis.</span> <span class='ocrx_word' id='word_1_92' title='bbox 993 856 1089 894; x_wconf 90' lang='lat' dir='ltr'>Hiis</span> <span class='ocrx_word' id='word_1_93' title='bbox 1113 854 1312 903; x_wconf 86' lang='lat' dir='ltr'>testibus,</span> <span class='ocrx_word' id='word_1_94' title='bbox 1335 852 1555 892; x_wconf 69' lang='lat' dir='ltr'>willelmo</span> <span class='ocrx_word' id='word_1_95' title='bbox 1586 852 1638 890; x_wconf 90' lang='grc'>(10</span> 
     </span>
     <span class='ocr_line' id='line_1_12' title="bbox 104 915 1640 975; baseline -0.005 -13"><span class='ocrx_word' id='word_1_96' title='bbox 104 923 252 975; x_wconf 87' lang='lat' dir='ltr'>Percy,</span> <span class='ocrx_word' id='word_1_97' title='bbox 270 922 405 961; x_wconf 87' lang='lat' dir='ltr'>Alano</span> <span class='ocrx_word' id='word_1_98' title='bbox 426 922 478 961; x_wconf 90' lang='grc'>(10</span> <span class='ocrx_word' id='word_1_99' title='bbox 496 922 629 975; x_wconf 88' lang='lat' dir='ltr'>Percy</span> <span class='ocrx_word' id='word_1_100' title='bbox 644 921 733 960; x_wconf 90' lang='lat' dir='ltr'>filio</span> <span class='ocrx_word' id='word_1_101' title='bbox 749 919 953 959; x_wconf 82' lang='lat' dir='ltr'>Willelmi</span> <span class='ocrx_word' id='word_1_102' title='bbox 972 919 1180 972; x_wconf 58' lang='lat' dir='ltr'>praedicti,</span> <span class='ocrx_word' id='word_1_103' title='bbox 1195 917 1412 957; x_wconf 74' lang='lat' dir='ltr'>willelmo</span> <span class='ocrx_word' id='word_1_104' title='bbox 1426 917 1479 956; x_wconf 86' lang='lat' dir='ltr'>de</span> <span class='ocrx_word' id='word_1_105' title='bbox 1497 915 1640 956; x_wconf 78' lang='lat' dir='ltr'>Clara-</span> 
     </span>
     <span class='ocr_line' id='line_1_13' title="bbox 105 980 1642 1040; baseline -0.005 -14"><span class='ocrx_word' id='word_1_106' title='bbox 105 987 217 1040; x_wconf 85' lang='lat' dir='ltr'>fagO,</span> <span class='ocrx_word' id='word_1_107' title='bbox 231 985 394 1026; x_wconf 78' lang='lat' dir='ltr'>Thoma</span> <span class='ocrx_word' id='word_1_108' title='bbox 411 986 463 1025; x_wconf 88' lang='lat' dir='ltr'>de</span> <span class='ocrx_word' id='word_1_109' title='bbox 481 986 596 1025; x_wconf 75' lang='lat' dir='ltr'>ultra</span> <span class='ocrx_word' id='word_1_110' title='bbox 618 985 719 1035; x_wconf 83' lang='lat' dir='ltr'>Usa,</span> <span class='ocrx_word' id='word_1_111' title='bbox 735 985 872 1024; x_wconf 85' lang='lat' dir='ltr'>David</span> <span class='ocrx_word' id='word_1_112' title='bbox 887 984 1151 1031; x_wconf 88' lang='lat' dir='ltr'>Lardinario,</span> <span class='ocrx_word' id='word_1_113' title='bbox 1170 981 1353 1021; x_wconf 80' lang='lat' dir='ltr'>Radulfo</span> <span class='ocrx_word' id='word_1_114' title='bbox 1367 981 1454 1020; x_wconf 88' lang='lat' dir='ltr'>filio</span> <span class='ocrx_word' id='word_1_115' title='bbox 1469 980 1642 1034; x_wconf 81' lang='lat' dir='ltr'>Rogeri,</span> 
     </span>
     <span class='ocr_line' id='line_1_14' title="bbox 104 1046 1642 1103; baseline -0.005 -13"><span class='ocrx_word' id='word_1_116' title='bbox 104 1049 270 1090; x_wconf 85' lang='lat' dir='ltr'>Thoma</span> <span class='ocrx_word' id='word_1_117' title='bbox 291 1050 379 1090; x_wconf 89' lang='lat' dir='ltr'>filio</span> <span class='ocrx_word' id='word_1_118' title='bbox 395 1050 489 1103; x_wconf 88' lang='lat' dir='ltr'>jam</span> <span class='ocrx_word' id='word_1_119' title='bbox 510 1050 617 1089; x_wconf 86' lang='lat' dir='ltr'>dicti</span> <span class='ocrx_word' id='word_1_120' title='bbox 639 1048 815 1088; x_wconf 82' lang='lat' dir='ltr'>Thomae</span> <span class='ocrx_word' id='word_1_121' title='bbox 836 1048 889 1087; x_wconf 84' lang='lat' dir='ltr'>de</span> <span class='ocrx_word' id='word_1_122' title='bbox 908 1048 1022 1087; x_wconf 84' lang='lat' dir='ltr'>ultra</span> <span class='ocrx_word' id='word_1_123' title='bbox 1041 1047 1141 1096; x_wconf 80' lang='lat' dir='ltr'>Usa,</span> <span class='ocrx_word' id='word_1_124' title='bbox 1162 1047 1347 1100; x_wconf 84' lang='lat' dir='ltr'>Hugone</span> <span class='ocrx_word' id='word_1_125' title='bbox 1362 1046 1416 1084; x_wconf 87' lang='lat' dir='ltr'>de</span> <span class='ocrx_word' id='word_1_126' title='bbox 1432 1046 1573 1098; x_wconf 72' lang='lat' dir='ltr'>Wiget</span> <span class='ocrx_word' id='word_1_127' title='bbox 1583 1048 1642 1092; x_wconf 90' lang='lat' dir='ltr'>ot,</span> 
     </span>
     <span class='ocr_line' id='line_1_15' title="bbox 106 1108 1642 1168; baseline -0.005 -14"><span class='ocrx_word' id='word_1_128' title='bbox 106 1114 297 1154; x_wconf 84' lang='lat' dir='ltr'>Rolando</span> <span class='ocrx_word' id='word_1_129' title='bbox 318 1114 498 1168; x_wconf 39' lang='lat' dir='ltr'>Hagetst,</span> <span class='ocrx_word' id='word_1_130' title='bbox 519 1114 761 1167; x_wconf 83' lang='lat' dir='ltr'>Gernagott</span> <span class='ocrx_word' id='word_1_131' title='bbox 783 1112 872 1151; x_wconf 88' lang='lat' dir='ltr'>filio</span> <span class='ocrx_word' id='word_1_132' title='bbox 894 1111 1093 1165; x_wconf 83' lang='lat' dir='ltr'>Hugonis</span> <span class='ocrx_word' id='word_1_133' title='bbox 1117 1113 1162 1150; x_wconf 34' lang='lat' dir='ltr'>etr</span> <span class='ocrx_word' id='word_1_134' title='bbox 1183 1110 1222 1149; x_wconf 92' lang='lat' dir='ltr'>N</span> <span class='ocrx_word' id='word_1_135' title='bbox 1226 1109 1359 1149; x_wconf 90' lang='lat' dir='ltr'>icolao</span> <span class='ocrx_word' id='word_1_136' title='bbox 1382 1109 1511 1148; x_wconf 81' lang='lat' dir='ltr'>fratre</span> <span class='ocrx_word' id='word_1_137' title='bbox 1534 1108 1642 1161; x_wconf 85' lang='lat' dir='ltr'>ejus,</span> 
     </span>
     <span class='ocr_line' id='line_1_16' title="bbox 106 1172 1643 1227; baseline -0.005 -10"><span class='ocrx_word' id='word_1_138' title='bbox 106 1179 325 1218; x_wconf 79' lang='lat' dir='ltr'>willelmo</span> <span class='ocrx_word' id='word_1_139' title='bbox 366 1178 407 1217; x_wconf 90' lang='grc'>10</span> <span class='ocrx_word' id='word_1_140' title='bbox 449 1179 680 1227; x_wconf 80' lang='lat' dir='ltr'>Vavasour,</span> <span class='ocrx_word' id='word_1_141' title='bbox 728 1177 902 1217; x_wconf 81' lang='lat' dir='ltr'>Simone</span> <span class='ocrx_word' id='word_1_142' title='bbox 944 1175 1089 1225; x_wconf 73' lang='lat' dir='ltr'>ward,</span> <span class='ocrx_word' id='word_1_143' title='bbox 1127 1174 1270 1214; x_wconf 82' lang='lat' dir='ltr'>Suano</span> <span class='ocrx_word' id='word_1_144' title='bbox 1311 1174 1364 1213; x_wconf 87' lang='lat' dir='ltr'>de</span> <span class='ocrx_word' id='word_1_145' title='bbox 1406 1173 1440 1212; x_wconf 91' lang='lat' dir='ltr'>T</span> <span class='ocrx_word' id='word_1_146' title='bbox 1443 1172 1643 1221; x_wconf 85' lang='lat' dir='ltr'>hornton,</span> 
     </span>
     <span class='ocr_line' id='line_1_17' title="bbox 107 1235 1644 1294; baseline -0.005 -13"><span class='ocrx_word' id='word_1_147' title='bbox 107 1243 293 1282; x_wconf 84' lang='lat' dir='ltr'>Ernaldo</span> <span class='ocrx_word' id='word_1_148' title='bbox 315 1243 368 1282; x_wconf 83' lang='lat' dir='ltr'>de</span> <span class='ocrx_word' id='word_1_149' title='bbox 391 1242 574 1294; x_wconf 87' lang='lat' dir='ltr'>Mildby,</span> <span class='ocrx_word' id='word_1_150' title='bbox 596 1241 851 1290; x_wconf 76' lang='lat' dir='ltr'>Alexandro,</span> <span class='ocrx_word' id='word_1_151' title='bbox 866 1238 1043 1279; x_wconf 80' lang='lat' dir='ltr'>Matheo</span> <span class='ocrx_word' id='word_1_152' title='bbox 1064 1239 1117 1279; x_wconf 85' lang='lat' dir='ltr'>de</span> <span class='ocrx_word' id='word_1_153' title='bbox 1132 1237 1410 1287; x_wconf 81' lang='lat' dir='ltr'>Runceroles,</span> <span class='ocrx_word' id='word_1_154' title='bbox 1428 1235 1644 1276; x_wconf 81' lang='lat' dir='ltr'>Bernardo</span> 
     </span>
     <span class='ocr_line' id='line_1_18' title="bbox 109 1298 1644 1359; baseline -0.006 -13"><span class='ocrx_word' id='word_1_155' title='bbox 109 1307 162 1346; x_wconf 88' lang='lat' dir='ltr'>de</span> <span class='ocrx_word' id='word_1_156' title='bbox 206 1305 372 1359; x_wconf 84' lang='lat' dir='ltr'>Ripon&#39;,</span> <span class='ocrx_word' id='word_1_157' title='bbox 415 1306 658 1345; x_wconf 75' lang='lat' dir='ltr'>Baldewino</span> <span class='ocrx_word' id='word_1_158' title='bbox 692 1306 745 1344; x_wconf 86' lang='lat' dir='ltr'>de</span> <span class='ocrx_word' id='word_1_159' title='bbox 789 1305 1006 1352; x_wconf 83' lang='lat' dir='ltr'>Ostrener,</span> <span class='ocrx_word' id='word_1_160' title='bbox 1050 1301 1266 1355; x_wconf 89' lang='lat' dir='ltr'>Dolpbino</span> <span class='ocrx_word' id='word_1_161' title='bbox 1308 1301 1361 1340; x_wconf 87' lang='lat' dir='ltr'>de</span> <span class='ocrx_word' id='word_1_162' title='bbox 1399 1298 1644 1349; x_wconf 83' lang='lat' dir='ltr'>Cluthrum,</span> 
     </span>
     <span class='ocr_line' id='line_1_19' title="bbox 110 1364 1644 1419; baseline -0.005 -10"><span class='ocrx_word' id='word_1_163' title='bbox 110 1371 297 1410; x_wconf 57' lang='lat' dir='ltr'>wiredo</span> <span class='ocrx_word' id='word_1_164' title='bbox 318 1371 370 1409; x_wconf 89' lang='grc'>(10</span> <span class='ocrx_word' id='word_1_165' title='bbox 394 1369 598 1419; x_wconf 79' lang='lat' dir='ltr'>Stollena,</span> <span class='ocrx_word' id='word_1_166' title='bbox 614 1368 822 1417; x_wconf 75' lang='lat' dir='ltr'>Galfrido,</span> <span class='ocrx_word' id='word_1_167' title='bbox 837 1367 1068 1417; x_wconf 81' lang='lat' dir='ltr'>Bernardo,</span> <span class='ocrx_word' id='word_1_168' title='bbox 1083 1367 1270 1406; x_wconf 86' lang='lat' dir='ltr'>Roberto</span> <span class='ocrx_word' id='word_1_169' title='bbox 1285 1365 1337 1404; x_wconf 87' lang='lat' dir='ltr'>de</span> <span class='ocrx_word' id='word_1_170' title='bbox 1354 1364 1644 1411; x_wconf 85' lang='lat' dir='ltr'>Monasteriis,</span> 
     </span>
     <span class='ocr_line' id='line_1_20' title="bbox 110 1428 1646 1483; baseline -0.007 -10"><span class='ocrx_word' id='word_1_171' title='bbox 110 1434 295 1474; x_wconf 82' lang='lat' dir='ltr'>Radulfo</span> <span class='ocrx_word' id='word_1_172' title='bbox 326 1434 418 1483; x_wconf 74' lang='lat' dir='ltr'>vic’,</span> <span class='ocrx_word' id='word_1_173' title='bbox 450 1433 580 1473; x_wconf 88' lang='lat' dir='ltr'>Petro</span> <span class='ocrx_word' id='word_1_174' title='bbox 612 1433 836 1482; x_wconf 83' lang='lat' dir='ltr'>Pincerna,</span> <span class='ocrx_word' id='word_1_175' title='bbox 859 1431 1048 1470; x_wconf 56' lang='lat' dir='ltr'>W&#39;altero</span> <span class='ocrx_word' id='word_1_176' title='bbox 1079 1431 1400 1483; x_wconf 85' lang='lat' dir='ltr'>Dispensatore,</span> <span class='ocrx_word' id='word_1_177' title='bbox 1432 1428 1646 1467; x_wconf 77' lang='lat' dir='ltr'>Hei-berto</span> 
     </span>
     <span class='ocr_line' id='line_1_21' title="bbox 110 1491 1645 1550; baseline -0.005 -13"><span class='ocrx_word' id='word_1_178' title='bbox 110 1498 313 1537; x_wconf 74' lang='lat' dir='ltr'>servienti</span> <span class='ocrx_word' id='word_1_179' title='bbox 349 1498 402 1537; x_wconf 88' lang='lat' dir='ltr'>de</span> <span class='ocrx_word' id='word_1_180' title='bbox 437 1497 604 1550; x_wconf 83' lang='lat' dir='ltr'>Ripon’,</span> <span class='ocrx_word' id='word_1_181' title='bbox 638 1495 940 1536; x_wconf 86' lang='lat' dir='ltr'>Bartholomeo</span> <span class='ocrx_word' id='word_1_182' title='bbox 977 1495 1030 1534; x_wconf 87' lang='lat' dir='ltr'>de</span> <span class='ocrx_word' id='word_1_183' title='bbox 1059 1495 1283 1544; x_wconf 87' lang='lat' dir='ltr'>Haussier,</span> <span class='ocrx_word' id='word_1_184' title='bbox 1315 1493 1561 1546; x_wconf 73' lang='lat' dir='ltr'>Augustino</span> <span class='ocrx_word' id='word_1_185' title='bbox 1592 1491 1645 1529; x_wconf 90' lang='grc'>(10</span> 
     </span>
     <span class='ocr_line' id='line_1_22' title="bbox 110 1556 1645 1611; baseline -0.006 -9"><span class='ocrx_word' id='word_1_186' title='bbox 110 1562 297 1611; x_wconf 79' lang='lat' dir='ltr'>Calnera,</span> <span class='ocrx_word' id='word_1_187' title='bbox 340 1561 537 1601; x_wconf 87' lang='lat' dir='ltr'>Humfr&#39;o</span> <span class='ocrx_word' id='word_1_188' title='bbox 580 1561 701 1610; x_wconf 82' lang='lat' dir='ltr'>Coeo,</span> <span class='ocrx_word' id='word_1_189' title='bbox 735 1560 937 1599; x_wconf 53' lang='lat' dir='ltr'>lVolnoto</span> <span class='ocrx_word' id='word_1_190' title='bbox 971 1559 1204 1608; x_wconf 86' lang='lat' dir='ltr'>Hostiario,</span> <span class='ocrx_word' id='word_1_191' title='bbox 1235 1557 1455 1596; x_wconf 72' lang='lat' dir='ltr'>willelmo</span> <span class='ocrx_word' id='word_1_192' title='bbox 1497 1556 1645 1600; x_wconf 84' lang='lat' dir='ltr'>Grom,</span> 
     </span>
     <span class='ocr_line' id='line_1_23' title="bbox 111 1618 1645 1674; baseline -0.005 -9"><span class='ocrx_word' id='word_1_193' title='bbox 111 1626 292 1665; x_wconf 85' lang='lat' dir='ltr'>Ricardo</span> <span class='ocrx_word' id='word_1_194' title='bbox 313 1626 366 1665; x_wconf 87' lang='grc'>(10</span> <span class='ocrx_word' id='word_1_195' title='bbox 389 1626 680 1674; x_wconf 86' lang='lat' dir='ltr'>Pincernaria,</span> <span class='ocrx_word' id='word_1_196' title='bbox 704 1625 894 1664; x_wconf 85' lang='lat' dir='ltr'>Henrico</span> <span class='ocrx_word' id='word_1_197' title='bbox 916 1624 969 1662; x_wconf 87' lang='grc'>(10</span> <span class='ocrx_word' id='word_1_198' title='bbox 993 1622 1184 1672; x_wconf 78' lang='lat' dir='ltr'>Camera,</span> <span class='ocrx_word' id='word_1_199' title='bbox 1206 1621 1397 1660; x_wconf 51' lang='lat' dir='ltr'>NValtero</span> <span class='ocrx_word' id='word_1_200' title='bbox 1422 1618 1645 1667; x_wconf 79' lang='lat' dir='ltr'>Polcharcl,</span> 
     </span>
     <span class='ocr_line' id='line_1_24' title="bbox 113 1684 1645 1742; baseline -0.006 -12"><span class='ocrx_word' id='word_1_201' title='bbox 113 1690 299 1730; x_wconf 81' lang='lat' dir='ltr'>Uctrcdo</span> <span class='ocrx_word' id='word_1_202' title='bbox 321 1690 409 1729; x_wconf 90' lang='lat' dir='ltr'>filio</span> <span class='ocrx_word' id='word_1_203' title='bbox 431 1690 639 1742; x_wconf 82' lang='lat' dir='ltr'>Leisingi,</span> <span class='ocrx_word' id='word_1_204' title='bbox 661 1688 880 1727; x_wconf 76' lang='lat' dir='ltr'>Willelmo</span> <span class='ocrx_word' id='word_1_205' title='bbox 902 1688 954 1726; x_wconf 87' lang='grc'>(10</span> <span class='ocrx_word' id='word_1_206' title='bbox 978 1687 1152 1736; x_wconf 81' lang='lat' dir='ltr'>Bidner,</span> <span class='ocrx_word' id='word_1_207' title='bbox 1176 1685 1361 1725; x_wconf 87' lang='lat' dir='ltr'>Roberto</span> <span class='ocrx_word' id='word_1_208' title='bbox 1394 1684 1447 1723; x_wconf 89' lang='grc'>(10</span> <span class='ocrx_word' id='word_1_209' title='bbox 1480 1684 1645 1732; x_wconf 88' lang='lat' dir='ltr'>Monte,</span> 
     </span>
     <span class='ocr_line' id='line_1_25' title="bbox 113 1751 956 1806; baseline -0.004 -13"><span class='ocrx_word' id='word_1_210' title='bbox 113 1754 293 1795; x_wconf 82' lang='lat' dir='ltr'>Osbcrto</span> <span class='ocrx_word' id='word_1_211' title='bbox 316 1754 367 1793; x_wconf 90' lang='lat' dir='ltr'>de</span> <span class='ocrx_word' id='word_1_212' title='bbox 392 1753 557 1806; x_wconf 81' lang='lat' dir='ltr'>Ripon&#39;,</span> <span class='ocrx_word' id='word_1_213' title='bbox 581 1753 760 1792; x_wconf 84' lang='lat' dir='ltr'>Ricardo</span> <span class='ocrx_word' id='word_1_214' title='bbox 783 1751 956 1791; x_wconf 47' lang='lat' dir='ltr'>Harcll(</span> 
     </span>
    </p>
   </div>
   <div class='ocr_carea' id='block_1_3' title="bbox 129 1846 1634 1966">
    <p class='ocr_par' dir='ltr' id='par_1_3' title="bbox 129 1846 1634 1966">
     <span class='ocr_line' id='line_1_26' title="bbox 129 1846 1634 1911; baseline -0.004 -7"><span class='ocrx_word' id='word_1_215' title='bbox 129 1869 280 1905; x_wconf 65' lang='lat' dir='ltr'>CXLII.</span> <span class='ocrx_word' id='word_1_216' title='bbox 317 1869 778 1911; x_wconf 66' lang='lat' dir='ltr'>QUIETACLAMACIO</span> <span class='ocrx_word' id='word_1_217' title='bbox 812 1867 977 1903; x_wconf 66' lang='lat' dir='ltr'>ALANI</span> <span class='ocrx_word' id='word_1_218' title='bbox 1011 1846 1138 1901; x_wconf 57' lang='lat' dir='ltr'>FIIjII</span> <span class='ocrx_word' id='word_1_219' title='bbox 1171 1864 1429 1905; x_wconf 73' lang='lat' dir='ltr'>TIIORFINI,</span> <span class='ocrx_word' id='word_1_220' title='bbox 1464 1864 1634 1898; x_wconf 58' lang='lat' dir='ltr'><strong>FAUTA</strong></span> 
     </span>
     <span class='ocr_line' id='line_1_27' title="bbox 260 1926 1488 1966; baseline -0.006 0"><span class='ocrx_word' id='word_1_221' title='bbox 260 1931 668 1966; x_wconf 76' lang='lat' dir='ltr'>ARCHIEPISOOPO</span> <span class='ocrx_word' id='word_1_222' title='bbox 703 1930 868 1964; x_wconf 73' lang='lat' dir='ltr'>sUPER</span> <span class='ocrx_word' id='word_1_223' title='bbox 899 1930 1073 1963; x_wconf 70' lang='lat' dir='ltr'>TERRA</span> <span class='ocrx_word' id='word_1_224' title='bbox 1103 1928 1157 1962; x_wconf 76' lang='lat' dir='ltr'>IN</span> <span class='ocrx_word' id='word_1_225' title='bbox 1190 1926 1488 1962; x_wconf 58' lang='lat' dir='ltr'>STAYNLEHQ.</span> 
     </span>
    </p>
   </div>
   <div class='ocr_carea' id='block_1_4' title="bbox 305 1999 1455 2049">
    <p class='ocr_par' dir='ltr' id='par_1_4' title="bbox 305 1999 1455 2049">
     <span class='ocr_line' id='line_1_28' title="bbox 305 1999 1455 2049; baseline -0.004 -12"><span class='ocrx_word' id='word_1_226' title='bbox 305 2003 551 2049; x_wconf 74' lang='lat' dir='ltr'>(Rmrsrmm</span> <span class='ocrx_word' id='word_1_227' title='bbox 577 2003 753 2036; x_wconf 70' lang='lat' dir='ltr'>MAGNUM</span> <span class='ocrx_word' id='word_1_228' title='bbox 780 2002 924 2035; x_wconf 43' lang='grc' dir='ltr'>Α41111011</span> <span class='ocrx_word' id='word_1_229' title='bbox 951 2001 1066 2034; x_wconf 80' lang='lat' dir='ltr'><strong>EBOR.</strong></span> <span class='ocrx_word' id='word_1_230' title='bbox 1094 2000 1180 2033; x_wconf 79' lang='lat' dir='ltr'>Part</span> <span class='ocrx_word' id='word_1_231' title='bbox 1200 1999 1249 2033; x_wconf 92' lang='grc' dir='ltr'>Π.</span> <span class='ocrx_word' id='word_1_232' title='bbox 1275 1999 1321 2033; x_wconf 87' lang='lat' dir='ltr'>fo.</span> <span class='ocrx_word' id='word_1_233' title='bbox 1342 2000 1388 2032; x_wconf 75' lang='lat'>50</span> <span class='ocrx_word' id='word_1_234' title='bbox 1402 2001 1455 2042; x_wconf 81' lang='lat' dir='ltr'>v.)</span> 
     </span>
    </p>
   </div>
   <div class='ocr_carea' id='block_1_5' title="bbox 115 2071 1649 3002">
    <p class='ocr_par' dir='ltr' id='par_1_5' title="bbox 115 2071 1649 2954">
     <span class='ocr_line' id='line_1_29' title="bbox 204 2071 1646 2128; baseline -0.005 -12"><span class='ocrx_word' id='word_1_235' title='bbox 204 2077 347 2117; x_wconf 82' lang='lat' dir='ltr'>Sciant</span> <span class='ocrx_word' id='word_1_236' title='bbox 371 2090 533 2126; x_wconf 87' lang='lat' dir='ltr'>omnes,</span> <span class='ocrx_word' id='word_1_237' title='bbox 555 2079 646 2115; x_wconf 85' lang='lat' dir='ltr'>tam</span> <span class='ocrx_word' id='word_1_238' title='bbox 670 2078 901 2128; x_wconf 81' lang='lat' dir='ltr'>praesentes</span> <span class='ocrx_word' id='word_1_239' title='bbox 923 2087 1052 2126; x_wconf 83' lang='lat' dir='ltr'>quam</span> <span class='ocrx_word' id='word_1_240' title='bbox 1075 2072 1227 2122; x_wconf 87' lang='lat' dir='ltr'>futuri,</span> <span class='ocrx_word' id='word_1_241' title='bbox 1249 2072 1360 2125; x_wconf 85' lang='lat' dir='ltr'>quod</span> <span class='ocrx_word' id='word_1_242' title='bbox 1385 2085 1463 2125; x_wconf 85' lang='lat' dir='ltr'>ego</span> <span class='ocrx_word' id='word_1_243' title='bbox 1486 2071 1646 2110; x_wconf 78' lang='lat' dir='ltr'>Alanus</span> 
     </span>
     <span class='ocr_line' id='line_1_30' title="bbox 115 2134 1648 2192; baseline -0.005 -12"><span class='ocrx_word' id='word_1_244' title='bbox 115 2141 230 2180; x_wconf 82' lang='lat' dir='ltr'>filius</span> <span class='ocrx_word' id='word_1_245' title='bbox 249 2139 438 2180; x_wconf 89' lang='lat' dir='ltr'>Thorfini</span> <span class='ocrx_word' id='word_1_246' title='bbox 460 2140 575 2179; x_wconf 89' lang='lat' dir='ltr'>filius</span> <span class='ocrx_word' id='word_1_247' title='bbox 598 2139 846 2192; x_wconf 87' lang='lat' dir='ltr'>Cospatrici,</span> <span class='ocrx_word' id='word_1_248' title='bbox 868 2138 1037 2178; x_wconf 85' lang='lat' dir='ltr'>reddidi</span> <span class='ocrx_word' id='word_1_249' title='bbox 1059 2138 1228 2190; x_wconf 84' lang='lat' dir='ltr'>Rogero</span> <span class='ocrx_word' id='word_1_250' title='bbox 1260 2136 1385 2176; x_wconf 90' lang='lat' dir='ltr'>Ebor.</span> <span class='ocrx_word' id='word_1_251' title='bbox 1417 2134 1648 2187; x_wconf 65' lang='lat' dir='ltr'>archicpis-</span> 
     </span>
     <span class='ocr_line' id='line_1_31' title="bbox 116 2199 1645 2257; baseline -0.005 -13"><span class='ocrx_word' id='word_1_252' title='bbox 116 2218 234 2257; x_wconf 85' lang='lat' dir='ltr'>copo,</span> <span class='ocrx_word' id='word_1_253' title='bbox 275 2207 411 2244; x_wconf 84' lang='lat' dir='ltr'>totam</span> <span class='ocrx_word' id='word_1_254' title='bbox 452 2207 611 2244; x_wconf 86' lang='lat' dir='ltr'>terram</span> <span class='ocrx_word' id='word_1_255' title='bbox 653 2217 782 2256; x_wconf 84' lang='lat' dir='ltr'>quam</span> <span class='ocrx_word' id='word_1_256' title='bbox 826 2206 946 2256; x_wconf 84' lang='lat' dir='ltr'>pater</span> <span class='ocrx_word' id='word_1_257' title='bbox 979 2215 1101 2241; x_wconf 87' lang='lat' dir='ltr'>meus</span> <span class='ocrx_word' id='word_1_258' title='bbox 1143 2203 1189 2240; x_wconf 80' lang='lat' dir='ltr'>et</span> <span class='ocrx_word' id='word_1_259' title='bbox 1229 2203 1519 2239; x_wconf 81' lang='lat' dir='ltr'>antecessores</span> <span class='ocrx_word' id='word_1_260' title='bbox 1561 2199 1645 2236; x_wconf 83' lang='lat' dir='ltr'>mei</span> 
     </span>
     <span class='ocr_line' id='line_1_32' title="bbox 116 2262 1646 2318; baseline -0.004 -12"><span class='ocrx_word' id='word_1_261' title='bbox 116 2272 347 2308; x_wconf 86' lang='lat' dir='ltr'>tenuerant</span> <span class='ocrx_word' id='word_1_262' title='bbox 367 2268 411 2307; x_wconf 89' lang='lat' dir='ltr'>in</span> <span class='ocrx_word' id='word_1_263' title='bbox 436 2267 627 2308; x_wconf 83' lang='lat' dir='ltr'>Stanleia</span> <span class='ocrx_word' id='word_1_264' title='bbox 639 2268 692 2306; x_wconf 92' lang='lat' dir='ltr'>de</span> <span class='ocrx_word' id='word_1_265' title='bbox 715 2266 838 2306; x_wconf 89' lang='lat' dir='ltr'>feodo</span> <span class='ocrx_word' id='word_1_266' title='bbox 860 2265 1182 2318; x_wconf 87' lang='lat' dir='ltr'>archiepiscopi,</span> <span class='ocrx_word' id='word_1_267' title='bbox 1198 2266 1241 2303; x_wconf 62' lang='lat' dir='ltr'>et,</span> <span class='ocrx_word' id='word_1_268' title='bbox 1264 2266 1406 2302; x_wconf 82' lang='lat' dir='ltr'>totuin</span> <span class='ocrx_word' id='word_1_269' title='bbox 1423 2262 1511 2315; x_wconf 81' lang='lat' dir='ltr'>jus,</span> <span class='ocrx_word' id='word_1_270' title='bbox 1533 2262 1646 2314; x_wconf 86' lang='lat' dir='ltr'>quod</span> 
     </span>
     <span class='ocr_line' id='line_1_33' title="bbox 118 2325 1647 2385; baseline -0.005 -13"><span class='ocrx_word' id='word_1_271' title='bbox 118 2345 197 2385; x_wconf 84' lang='lat' dir='ltr'>ego</span> <span class='ocrx_word' id='word_1_272' title='bbox 229 2332 275 2371; x_wconf 90' lang='lat' dir='ltr'>in</span> <span class='ocrx_word' id='word_1_273' title='bbox 312 2345 362 2371; x_wconf 86' lang='lat' dir='ltr'>ea</span> <span class='ocrx_word' id='word_1_274' title='bbox 393 2330 618 2381; x_wconf 83' lang='lat' dir='ltr'>habebam,</span> <span class='ocrx_word' id='word_1_275' title='bbox 655 2330 1036 2384; x_wconf 73' lang='lat' dir='ltr'>quietulnclaniavi</span> <span class='ocrx_word' id='word_1_276' title='bbox 1073 2328 1214 2367; x_wconf 87' lang='lat' dir='ltr'>eidem</span> <span class='ocrx_word' id='word_1_277' title='bbox 1247 2325 1562 2378; x_wconf 78' lang='lat' dir='ltr'>arcliiepisc‹·›po</span> <span class='ocrx_word' id='word_1_278' title='bbox 1603 2330 1647 2364; x_wconf 88' lang='lat' dir='ltr'>ct</span> 
     </span>
     <span class='ocr_line' id='line_1_34' title="bbox 119 2388 1645 2447; baseline -0.005 -13"><span class='ocrx_word' id='word_1_279' title='bbox 119 2395 431 2434; x_wconf 84' lang='lat' dir='ltr'>successoribus</span> <span class='ocrx_word' id='word_1_280' title='bbox 469 2395 570 2444; x_wconf 90' lang='lat' dir='ltr'>suis,</span> <span class='ocrx_word' id='word_1_281' title='bbox 607 2395 669 2434; x_wconf 83' lang='lat' dir='ltr'>ita</span> <span class='ocrx_word' id='word_1_282' title='bbox 702 2395 816 2447; x_wconf 89' lang='lat' dir='ltr'>quod</span> <span class='ocrx_word' id='word_1_283' title='bbox 850 2407 929 2447; x_wconf 83' lang='lat' dir='ltr'>ego</span> <span class='ocrx_word' id='word_1_284' title='bbox 964 2392 1030 2431; x_wconf 77' lang='lat' dir='ltr'>vel</span> <span class='ocrx_word' id='word_1_285' title='bbox 1065 2390 1254 2430; x_wconf 70' lang='lat' dir='ltr'>liferecles</span> <span class='ocrx_word' id='word_1_286' title='bbox 1291 2390 1376 2430; x_wconf 89' lang='lat' dir='ltr'>mei</span> <span class='ocrx_word' id='word_1_287' title='bbox 1419 2388 1552 2428; x_wconf 68' lang='lat' dir='ltr'>nichil</span> <span class='ocrx_word' id='word_1_288' title='bbox 1594 2389 1645 2427; x_wconf 85' lang='grc'>(10</span> 
     </span>
     <span class='ocr_line' id='line_1_35' title="bbox 117 2451 1646 2511; baseline -0.005 -12"><span class='ocrx_word' id='word_1_289' title='bbox 117 2462 270 2499; x_wconf 84' lang='lat' dir='ltr'>caetero</span> <span class='ocrx_word' id='word_1_290' title='bbox 311 2459 357 2498; x_wconf 90' lang='lat' dir='ltr'>in</span> <span class='ocrx_word' id='word_1_291' title='bbox 398 2472 447 2498; x_wconf 84' lang='lat' dir='ltr'>ea</span> <span class='ocrx_word' id='word_1_292' title='bbox 481 2459 663 2498; x_wconf 86' lang='lat' dir='ltr'>clamare</span> <span class='ocrx_word' id='word_1_293' title='bbox 705 2458 955 2511; x_wconf 84' lang='lat' dir='ltr'>poterimus.</span> <span class='ocrx_word' id='word_1_294' title='bbox 1017 2456 1073 2495; x_wconf 79' lang='lat' dir='ltr'>Et</span> <span class='ocrx_word' id='word_1_295' title='bbox 1110 2455 1223 2508; x_wconf 86' lang='lat' dir='ltr'>quod</span> <span class='ocrx_word' id='word_1_296' title='bbox 1256 2454 1504 2507; x_wconf 62' lang='lat' dir='ltr'>precdictam</span> <span class='ocrx_word' id='word_1_297' title='bbox 1541 2451 1646 2506; x_wconf 63' lang='lat' dir='ltr'>(sie)</span> 
     </span>
     <span class='ocr_line' id='line_1_36' title="bbox 117 2516 1646 2575; baseline -0.005 -13"><span class='ocrx_word' id='word_1_298' title='bbox 117 2522 290 2562; x_wconf 75' lang='lat' dir='ltr'>donavit</span> <span class='ocrx_word' id='word_1_299' title='bbox 331 2521 463 2561; x_wconf 85' lang='lat' dir='ltr'>michi</span> <span class='ocrx_word' id='word_1_300' title='bbox 503 2520 846 2575; x_wconf 80' lang='lat' dir='ltr'>archiepiscopus</span> <span class='ocrx_word' id='word_1_301' title='bbox 889 2534 942 2559; x_wconf 83' lang='lat' dir='ltr'>xv</span> <span class='ocrx_word' id='word_1_302' title='bbox 973 2533 1211 2559; x_wconf 85' lang='lat' dir='ltr'>marcarum</span> <span class='ocrx_word' id='word_1_303' title='bbox 1242 2516 1349 2571; x_wconf 73' lang='lat' dir='ltr'>(sic)</span> <span class='ocrx_word' id='word_1_304' title='bbox 1380 2518 1564 2570; x_wconf 83' lang='lat' dir='ltr'>argenti,</span> <span class='ocrx_word' id='word_1_305' title='bbox 1602 2520 1646 2556; x_wconf 82' lang='lat' dir='ltr'>et</span> 
     </span>
     <span class='ocr_line' id='line_1_37' title="bbox 117 2579 1648 2638; baseline -0.005 -13"><span class='ocrx_word' id='word_1_306' title='bbox 117 2598 253 2625; x_wconf 88' lang='lat' dir='ltr'>unum</span> <span class='ocrx_word' id='word_1_307' title='bbox 274 2599 433 2638; x_wconf 85' lang='lat' dir='ltr'>equum</span> <span class='ocrx_word' id='word_1_308' title='bbox 455 2585 719 2635; x_wconf 87' lang='lat' dir='ltr'>insellatum,</span> <span class='ocrx_word' id='word_1_309' title='bbox 741 2588 786 2624; x_wconf 78' lang='lat' dir='ltr'>et</span> <span class='ocrx_word' id='word_1_310' title='bbox 802 2597 931 2623; x_wconf 88' lang='lat' dir='ltr'>unam</span> <span class='ocrx_word' id='word_1_311' title='bbox 948 2586 1187 2623; x_wconf 83' lang='lat' dir='ltr'>carucatam</span> <span class='ocrx_word' id='word_1_312' title='bbox 1204 2586 1327 2621; x_wconf 67' lang='lat' dir='ltr'>terrze</span> <span class='ocrx_word' id='word_1_313' title='bbox 1344 2582 1389 2619; x_wconf 89' lang='lat' dir='ltr'>in</span> <span class='ocrx_word' id='word_1_314' title='bbox 1404 2579 1648 2632; x_wconf 83' lang='lat' dir='ltr'>Biscopton’</span> 
     </span>
     <span class='ocr_line' id='line_1_38' title="bbox 118 2643 1646 2702; baseline -0.005 -14"><span class='ocrx_word' id='word_1_315' title='bbox 118 2649 298 2688; x_wconf 74' lang='lat' dir='ltr'>clamavi</span> <span class='ocrx_word' id='word_1_316' title='bbox 319 2649 511 2702; x_wconf 86' lang='lat' dir='ltr'>quietam</span> <span class='ocrx_word' id='word_1_317' title='bbox 532 2648 615 2700; x_wconf 89' lang='lat' dir='ltr'>ipsi</span> <span class='ocrx_word' id='word_1_318' title='bbox 636 2646 953 2700; x_wconf 84' lang='lat' dir='ltr'>archiepiscopo</span> <span class='ocrx_word' id='word_1_319' title='bbox 975 2649 1020 2685; x_wconf 78' lang='lat' dir='ltr'>et</span> <span class='ocrx_word' id='word_1_320' title='bbox 1053 2644 1360 2685; x_wconf 87' lang='lat' dir='ltr'>successoribus</span> <span class='ocrx_word' id='word_1_321' title='bbox 1383 2644 1470 2682; x_wconf 86' lang='lat' dir='ltr'>suis</span> <span class='ocrx_word' id='word_1_322' title='bbox 1502 2643 1554 2681; x_wconf 89' lang='grc'>(10</span> <span class='ocrx_word' id='word_1_323' title='bbox 1577 2655 1646 2680; x_wconf 86' lang='grc'>1110</span> 
     </span>
     <span class='ocr_line' id='line_1_39' title="bbox 120 2704 1647 2763; baseline -0.007 -11"><span class='ocrx_word' id='word_1_324' title='bbox 120 2716 165 2751; x_wconf 76' lang='lat' dir='ltr'>et</span> <span class='ocrx_word' id='word_1_325' title='bbox 189 2711 429 2752; x_wconf 85' lang='lat' dir='ltr'>haeredibus</span> <span class='ocrx_word' id='word_1_326' title='bbox 457 2712 579 2760; x_wconf 89' lang='lat' dir='ltr'>meis,</span> <span class='ocrx_word' id='word_1_327' title='bbox 611 2711 672 2750; x_wconf 84' lang='lat' dir='ltr'>ita</span> <span class='ocrx_word' id='word_1_328' title='bbox 703 2711 816 2763; x_wconf 90' lang='lat' dir='ltr'>quod</span> <span class='ocrx_word' id='word_1_329' title='bbox 849 2723 927 2749; x_wconf 87' lang='lat' dir='ltr'>nec</span> <span class='ocrx_word' id='word_1_330' title='bbox 964 2723 1044 2763; x_wconf 84' lang='lat' dir='ltr'>ego</span> <span class='ocrx_word' id='word_1_331' title='bbox 1080 2709 1148 2748; x_wconf 87' lang='lat' dir='ltr'>vel</span> <span class='ocrx_word' id='word_1_332' title='bbox 1176 2707 1368 2747; x_wconf 74' lang='lat' dir='ltr'>haeredes</span> <span class='ocrx_word' id='word_1_333' title='bbox 1396 2706 1483 2744; x_wconf 81' lang='lat' dir='ltr'>inei</span> <span class='ocrx_word' id='word_1_334' title='bbox 1512 2704 1647 2744; x_wconf 87' lang='lat' dir='ltr'>nichil</span> 
     </span>
     <span class='ocr_line' id='line_1_40' title="bbox 121 2769 1647 2827; baseline -0.006 -12"><span class='ocrx_word' id='word_1_335' title='bbox 121 2776 306 2815; x_wconf 80' lang='lat' dir='ltr'>ulterius</span> <span class='ocrx_word' id='word_1_336' title='bbox 336 2777 383 2815; x_wconf 90' lang='lat' dir='ltr'>in</span> <span class='ocrx_word' id='word_1_337' title='bbox 404 2776 554 2815; x_wconf 85' lang='lat' dir='ltr'>eadem</span> <span class='ocrx_word' id='word_1_338' title='bbox 575 2778 688 2814; x_wconf 83' lang='lat' dir='ltr'>terra</span> <span class='ocrx_word' id='word_1_339' title='bbox 708 2775 761 2814; x_wconf 85' lang='lat' dir='ltr'>de</span> <span class='ocrx_word' id='word_1_340' title='bbox 791 2772 1035 2827; x_wconf 85' lang='lat' dir='ltr'>Biscopton&#39;</span> <span class='ocrx_word' id='word_1_341' title='bbox 1065 2773 1247 2812; x_wconf 86' lang='lat' dir='ltr'>clamare</span> <span class='ocrx_word' id='word_1_342' title='bbox 1278 2770 1528 2823; x_wconf 84' lang='lat' dir='ltr'>poterimus.</span> <span class='ocrx_word' id='word_1_343' title='bbox 1590 2769 1647 2807; x_wconf 81' lang='lat' dir='ltr'>Et</span> 
     </span>
     <span class='ocr_line' id='line_1_41' title="bbox 125 2832 1647 2892; baseline -0.005 -14"><span class='ocrx_word' id='word_1_344' title='bbox 125 2837 469 2892; x_wconf 83' lang='lat' dir='ltr'>archiepiscopus</span> <span class='ocrx_word' id='word_1_345' title='bbox 491 2839 543 2882; x_wconf 85' lang='lat' dir='ltr'>ad</span> <span class='ocrx_word' id='word_1_346' title='bbox 564 2838 824 2891; x_wconf 88' lang='lat' dir='ltr'>peticionem</span> <span class='ocrx_word' id='word_1_347' title='bbox 845 2851 986 2877; x_wconf 86' lang='lat' dir='ltr'>meam</span> <span class='ocrx_word' id='word_1_348' title='bbox 1018 2836 1140 2876; x_wconf 74' lang='lat' dir='ltr'>dedit</span> <span class='ocrx_word' id='word_1_349' title='bbox 1164 2832 1296 2873; x_wconf 90' lang='lat' dir='ltr'>michi</span> <span class='ocrx_word' id='word_1_350' title='bbox 1317 2833 1361 2872; x_wconf 90' lang='lat' dir='ltr'>in</span> <span class='ocrx_word' id='word_1_351' title='bbox 1384 2832 1647 2872; x_wconf 83' lang='lat' dir='ltr'>escambium</span> 
     </span>
     <span class='ocr_line' id='line_1_42' title="bbox 127 2895 1649 2954; baseline -0.005 -13"><span class='ocrx_word' id='word_1_352' title='bbox 127 2904 285 2941; x_wconf 83' lang='lat' dir='ltr'>terram</span> <span class='ocrx_word' id='word_1_353' title='bbox 317 2902 473 2954; x_wconf 86' lang='lat' dir='ltr'>Rogeri</span> <span class='ocrx_word' id='word_1_354' title='bbox 503 2901 562 2941; x_wconf 83' lang='lat' dir='ltr'>fil.</span> <span class='ocrx_word' id='word_1_355' title='bbox 596 2901 796 2951; x_wconf 81' lang='lat' dir='ltr'>Sternolf,</span> <span class='ocrx_word' id='word_1_356' title='bbox 827 2901 988 2940; x_wconf 79' lang='lat' dir='ltr'>scilicet</span> <span class='ocrx_word' id='word_1_357' title='bbox 1019 2896 1362 2951; x_wconf 85' lang='lat' dir='ltr'>Chunegesland,</span> <span class='ocrx_word' id='word_1_358' title='bbox 1383 2909 1512 2949; x_wconf 86' lang='lat' dir='ltr'>quam</span> <span class='ocrx_word' id='word_1_359' title='bbox 1534 2895 1649 2935; x_wconf 88' lang='lat' dir='ltr'>idem</span> 
     </span>
    </p>

    <p class='ocr_par' dir='ltr' id='par_1_6' title="bbox 863 2973 919 3002">
     <span class='ocr_line' id='line_1_43' title="bbox 863 2973 919 3002; baseline 0 0"><span class='ocrx_word' id='word_1_360' title='bbox 863 2982 878 3002; x_wconf 87' lang='lat' dir='ltr'>s</span> <span class='ocrx_word' id='word_1_361' title='bbox 901 2973 919 3002; x_wconf 90' lang='lat'><strong>2</strong></span> 
     </span>
    </p>
   </div>
   <div class='ocr_carea' id='block_1_6' title="bbox 1670 540 1854 608">
    <p class='ocr_par' dir='ltr' id='par_1_7' title="bbox 1670 540 1854 608">
     <span class='ocr_line' id='line_1_44' title="bbox 1672 540 1854 568; baseline -0.005 0"><span class='ocrx_word' id='word_1_362' title='bbox 1672 540 1854 568; x_wconf 63' lang='lat' dir='ltr'>Halfisharc</span> 
     </span>
     <span class='ocr_line' id='line_1_45' title="bbox 1670 579 1830 608; baseline 0.006 -2"><span class='ocrx_word' id='word_1_363' title='bbox 1670 581 1702 608; x_wconf 84' lang='lat' dir='ltr'>ol&#39;</span> <span class='ocrx_word' id='word_1_364' title='bbox 1721 589 1738 608; x_wconf 88' lang='lat' dir='ltr'>a</span> <span class='ocrx_word' id='word_1_365' title='bbox 1755 579 1830 607; x_wconf 83' lang='lat' dir='ltr'>mill.</span> 
     </span>
    </p>
   </div>
   <div class='ocr_carea' id='block_1_7' title="bbox 1674 857 1845 925">
    <p class='ocr_par' dir='ltr' id='par_1_8' title="bbox 1674 857 1845 925">
     <span class='ocr_line' id='line_1_46' title="bbox 1674 857 1773 886; baseline -0.02 0"><span class='ocrx_word' id='word_1_366' title='bbox 1674 857 1773 886; x_wconf 79' lang='lat' dir='ltr'>Fortv</span> 
     </span>
     <span class='ocr_line' id='line_1_47' title="bbox 1674 889 1845 925; baseline -0.012 0"><span class='ocrx_word' id='word_1_367' title='bbox 1674 889 1845 925; x_wconf 73' lang='lat' dir='ltr'>witnesses.</span> 
     </span>
    </p>
   </div>
   <div class='ocr_carea' id='block_1_8' title="bbox 1681 2077 1881 2107">
    <p class='ocr_par' dir='ltr' id='par_1_9' title="bbox 1681 2077 1881 2107">
     <span class='ocr_line' id='line_1_48' title="bbox 1681 2077 1881 2107; baseline -0.01 0"><span class='ocrx_word' id='word_1_368' title='bbox 1681 2077 1881 2107; x_wconf 70' lang='lat' dir='ltr'>A.n.117·2-3.</span> 
     </span>
    </p>
   </div>
   <div class='ocr_carea' id='block_1_9' title="bbox 1681 2132 1880 2287">
    <p class='ocr_par' dir='ltr' id='par_1_10' title="bbox 1681 2132 1880 2287">
     <span class='ocr_line' id='line_1_49' title="bbox 1685 2132 1860 2161; baseline -0.006 0"><span class='ocrx_word' id='word_1_369' title='bbox 1685 2133 1806 2161; x_wconf 77' lang='lat' dir='ltr'>Alanus</span> <span class='ocrx_word' id='word_1_370' title='bbox 1817 2132 1860 2161; x_wconf 82' lang='lat' dir='ltr'>fil.</span> 
     </span>
     <span class='ocr_line' id='line_1_50' title="bbox 1681 2173 1856 2201; baseline -0.006 0"><span class='ocrx_word' id='word_1_371' title='bbox 1681 2173 1808 2201; x_wconf 78' lang='lat' dir='ltr'>Thortin</span> <span class='ocrx_word' id='word_1_372' title='bbox 1823 2176 1856 2200; x_wconf 83' lang='lat' dir='ltr'>to</span> 
     </span>
     <span class='ocr_line' id='line_1_51' title="bbox 1682 2211 1880 2248; baseline -0.005 -9"><span class='ocrx_word' id='word_1_373' title='bbox 1682 2211 1880 2248; x_wconf 76' lang='lat' dir='ltr'>Archhishop</span> 
     </span>
     <span class='ocr_line' id='line_1_52' title="bbox 1683 2251 1794 2287; baseline 0 -9"><span class='ocrx_word' id='word_1_374' title='bbox 1683 2251 1794 2287; x_wconf 62' lang='lat' dir='ltr'>unger.</span> 
     </span>
    </p>
   </div>
  </div>
 </body>
</html>
