1935 3151
583 156 809 189 ORIGINAL
846 155 1133 188 DocUMlssN'rs.

92 270 255 311 domini
287 268 475 318 Thomae,
497 268 816 322 Archiepiscopi
850 268 975 308 Ebor.
998 281 1050 307 ex
1082 281 1167 307 una
1199 271 1334 321 parte,
1357 272 1402 306 et
1435 266 1624 307 Christo-

94 333 276 387 phorum
301 333 500 383 Kendall‚
521 333 804 386 capellanum,
827 331 1235 372 Subthesaurarium
1268 331 1467 370 Ecclesiae
1491 331 1626 370 Colle-

94 398 220 452 giatae
273 398 420 438 Sancti
462 397 649 437 Wilfridi
699 397 752 436 de
805 396 972 449 Ripon',
1014 399 1058 436 et
1108 394 1352 437 Johannem
1404 394 1626 444 Pamivall,

97 461 311 501 Ballivum
334 461 445 501 feodi
478 462 793 509 canonicorum,
814 460 1201 500 commissionarios
1233 473 1284 499 ex
1310 463 1429 513 parte
1453 457 1627 498 Thomae

96 525 382 576 Markenfeld,
404 525 571 573 militis,
595 539 645 565 ex
666 524 801 564 altera
823 528 958 577 parte,
980 528 1166 564 testatur
1188 524 1300 578 quod
1322 524 1565 564 ordinatum
1585 527 1625 562 et

95 590 398 630 concordatum
422 593 488 629 est
508 602 717 629 consensu
740 593 900 638 nostro,
923 589 1034 641 quod
1057 587 1254 629 homines
1277 592 1321 628 et
1342 591 1543 628 tenentes
1575 587 1628 627 de

94 653 391 706 Asmonderby
405 657 450 692 et
472 653 696 707 Bondgate
718 651 907 692 habeant
927 653 1168 702 annuatim,
1182 652 1365 692 liberum
1386 652 1628 705 ingressum

96 720 141 758 et
172 731 392 771 egressum
421 731 521 757 cum
553 717 752 757 omnibus
784 717 906 756 bonis
939 721 983 757 et
1014 716 1178 757 catallis
1211 717 1314 766 suis,
1335 715 1628 769 cujuscunque

95 782 264 836 generis
282 782 369 821 sive
389 782 545 834 speciei
560 781 737 831 fuerint,
755 782 800 821 in
814 781 1014 821 omnibus
1030 782 1205 834 campis,
1222 781 1369 834 pratis,
1385 785 1429 820 et
1445 780 1629 833 pasturis

95 846 149 886 de
171 846 310 899 Ripon
331 846 534 898 praedicta
556 859 607 885 ex
639 851 759 898 parte
793 845 971 885 australi
993 859 1113 898 aquae
1142 845 1195 885 de
1228 844 1361 895 Skell,
1383 843 1630 885 habendum

98 914 144 950 et
176 910 414 950 tenendum
450 909 531 950 sibi
568 911 613 949 in
650 914 844 963 tempore
887 910 1050 949 ibidem
1085 909 1210 949 solito
1252 913 1298 949 et
1338 910 1498 949 usitato
1541 909 1631 947 sine

99 975 375 1027 impetitione
387 974 396 997 ¹
413 975 481 1014 vel
494 975 636 1028 aliqua
649 975 964 1024 molestatione,
974 975 1085 1014 sicut
1098 972 1307 1014 hactenus
1321 973 1632 1013 rationabiliter

100 1043 356 1078 consuetum
377 1038 475 1079 fuit.
538 1039 773 1079 Reddendo
795 1039 895 1078 inde
911 1039 1138 1078 annuatim
1160 1038 1385 1091 plebiscito
1402 1038 1454 1078 de
1478 1037 1633 1090 Ripon,

101 1116 177 1156 pro
212 1106 404 1155 tempore
436 1103 666 1153 existente,
697 1103 749 1142 ad
786 1102 947 1143 festum
986 1102 1133 1143 Sancti
1170 1102 1350 1142 Martini
1385 1102 1430 1141 in
1464 1100 1633 1155 hyeme,

101 1167 292 1220 quinque
336 1166 504 1217 solidos,
547 1171 592 1207 et
632 1167 838 1221 magistro
878 1165 1105 1220 hospitalis
1149 1166 1296 1207 Sancti
1337 1164 1547 1207 Johannis
1589 1165 1634 1204 in

102 1231 323 1284 Bondgate
364 1231 418 1270 ad
460 1231 575 1271 idem
618 1231 794 1281 festum,
829 1232 1021 1285 quinque
1057 1230 1225 1280 solidos,
1260 1244 1335 1284 per
1371 1231 1514 1284 ipsum
1551 1229 1636 1269 dis-

101 1295 318 1348 ponendos
369 1295 423 1334 ad
471 1295 692 1335 meliorem
745 1295 1110 1335 sustentationem
1162 1308 1402 1348 pauperum
1445 1307 1635 1334 sororum

101 1359 263 1399 ibidem
305 1360 676 1400 commorantium.
759 1361 830 1410 Et,
874 1360 1072 1409 ulterius,
1114 1359 1365 1399 solvendum
1417 1358 1636 1399 communi

102 1424 354 1476 imparcario
371 1424 548 1474 ibidem,
571 1438 708 1463 unum
730 1425 955 1464 denarium
977 1425 1138 1464 totiens
1160 1424 1359 1477 quotiens
1381 1423 1636 1476 transgressi

105 1487 269 1527 fuerint
286 1487 301 1510 ²
323 1492 471 1527 contra
491 1489 690 1542 antiquas
713 1502 859 1541 poenas
880 1489 999 1541 prius
1021 1488 1195 1541 positas.
1258 1488 1315 1528 Et
1347 1488 1382 1528 si
1413 1488 1637 1541 contingat

106 1551 242 1591 dictos
270 1550 467 1591 homines
504 1558 548 1592 et
581 1557 784 1593 tenentes
817 1553 870 1593 de
904 1552 1201 1606 Asmonderby
1233 1555 1280 1592 et
1307 1552 1557 1607 Bondegate
1590 1552 1636 1591 in

108 1615 253 1669 aliquo
284 1615 478 1666 deficere,
513 1619 618 1656 tunc
655 1616 744 1656 haec
777 1617 1001 1657 concordia
1037 1617 1091 1657 sit
1124 1630 1270 1665 vacua,
1303 1619 1348 1656 et
1380 1630 1455 1669 pro
1489 1615 1638 1657 nqu³

109 1678 330 1719 habeatur.
393 1680 445 1719 In
467 1680 533 1734 cuj
541 1694 590 1719 us
611 1681 673 1720 rei
694 1681 1009 1731 testimonium,
1032 1681 1108 1720 uni
1130 1681 1242 1733 parti
1263 1679 1393 1734 hujus
1407 1679 1639 1720 concordiae

109 1743 346 1784 indentatae
397 1757 526 1797 penes
568 1744 733 1784 dict-um
775 1743 985 1784 Thomam
1026 1744 1311 1794 Markenfeld,
1352 1744 1553 1794 militem,
1594 1747 1640 1783 et

110 1812 311 1848 tenentes
354 1823 449 1849 suos
491 1810 537 1848 in
569 1809 881 1862 Aismonderby
915 1813 960 1849 et
1001 1810 1226 1863 Bondgate
1268 1809 1524 1859 remanenti,
1561 1822 1638 1848 nos

111 1872 277 1924 praefati
314 1871 531 1913 Johannes
574 1873 726 1927 Danby
759 1878 804 1913 et
837 1873 1081 1913 Willelmus
1117 1871 1389 1923 Walworthe,
1424 1873 1641 1927 armigeri,

111 1936 253 1990 sigilla
274 1940 419 1976 nostra
440 1938 724 1991 praesentibus
746 1938 1036 1991 apposuimus.
1098 1937 1235 1977 Alteri
1251 1950 1349 1976 vero
1365 1937 1492 1989 parti,
1508 1950 1642 1990 penes

111 2000 278 2040 dictum
311 2001 533 2051 Thomam,
570 2001 947 2056 Archiepiscopum
982 2002 1108 2041 Ebor.
1147 2005 1187 2041 et
1221 2004 1422 2041 tenentes
1456 2014 1553 2041 suos
1590 2001 1642 2041 de

112 2064 254 2118 Ripon
284 2068 542 2117 remanenti,
573 2067 679 2107 dicti
711 2080 788 2107 nos
810 2065 1097 2108 Christoferus
1131 2066 1317 2106 Kendall
1350 2068 1395 2105 et
1426 2064 1644 2105 Johannes

112 2129 320 2170 Parcivall
343 2130 484 2185 sigilla
505 2135 650 2171 nostra
670 2132 824 2185 apponi
846 2131 1040 2171 fecimus.

203 2194 299 2235 Dat.
337 2196 383 2234 in
425 2195 587 2248 capella
619 2196 763 2235 Sancti
800 2194 1011 2236 Johannis
1046 2196 1091 2234 in
1126 2194 1365 2248 Bondgate‚
1402 2194 1539 2247 primo
1575 2193 1644 2233 die

115 2259 275 2298 mensis
296 2259 564 2310 Novembris,
585 2274 698 2299 anno
720 2260 842 2315 regni
864 2260 995 2313 Regis
1017 2259 1211 2299 Edwardi
1243 2258 1386 2311 quarti
1418 2261 1513 2311 post
1544 2272 1645 2298 con-

115 2326 328 2374 quaestum
369 2324 536 2377 Angliae
570 2325 720 2377 primo.
785 2325 881 2363 Hiis
917 2324 1130 2364 testibus:
1164 2322 1360 2363 Johanne
1397 2322 1644 2372 VValworth,

116 2385 337 2429 forestario
358 2388 503 2428 liberae
525 2387 689 2429 chaceae
711 2389 763 2429 de
785 2387 1004 2428 Thornton
1029 2391 1073 2428 et
1104 2386 1370 2437 Nitherdale,
1392 2390 1433 2427 et
1465 2386 1646 2427 Corona·

115 2453 207 2490 tore
227 2451 403 2501 ibidem,
424 2453 451 2493 J
455 2451 622 2492 ohanne
644 2451 877 2492 VValworth
889 2451 1068 2505 juniori,
1092 2455 1135 2491 et
1158 2451 1338 2491 Ricardo
1359 2450 1574 2490 Midleton
1592 2451 1645 2490 de

115 2512 358 2566 WVestwick,
379 2530 478 2557 cum
500 2517 650 2557 multis
672 2517 766 2556 aliis
788 2517 833 2556 in
855 2517 1082 2569 praesentia
1106 2515 1419 2556 existentibus.⁴

366 2605 552 2640 CLXXX.
587 2606 760 2641 GRANT
801 2605 864 2640 OF
897 2605 1146 2641 NUNWIGK
1179 2604 1390 2639 THORNS.

343 2675 534 2719 (DURHAM
561 2675 776 2719 Tnmsrni‘,
803 2675 841 2708 3⁰
870 2675 913 2708 1¹²
940 2674 1113 2715 Sacristce,
1139 2674 1207 2708 No.
1233 2673 1266 2715 3,
1293 2671 1417 2715 5437.)

204 2739 369 2780 Notum
406 2741 463 2780 sit
495 2741 693 2781 omnibus
723 2740 1005 2793 praesentibus
1037 2744 1081 2780 et
1109 2738 1267 2779 futuris
1297 2737 1563 2777 Rodbertum
1592 2738 1644 2778 de

119 2802 324 2843 Nunewic
366 2804 533 2845 dedisse
569 2805 702 2845 Beato
736 2803 974 2845 Cuthberto
1006 2808 1165 2843 terram
1206 2801 1324 2842 illam
1360 2814 1454 2854 quae
1487 2801 1645 2841 dicitur

196 2876 252 2919 (1)
280 2875 357 2911 MS.
376 2877 442 2911 has
459 2878 694 2922 imperatione.
747 2878 802 2921 (2)
830 2877 907 2912 MS.
927 2876 1162 2923 hasfuerzmt.
1216 2876 1272 2920 (3)
1299 2874 1375 2908 MS.
1395 2876 1458 2909 has
1475 2876 1583 2909 nulla.

196 2928 253 2972 (4)
280 2929 365 2963 This
383 2930 453 2964 and
470 2930 531 2964 the
548 2930 734 2976 preceding
751 2930 944 2964 document
958 2941 1016 2963 are
1032 2929 1121 2963 from
1137 2940 1156 2962 8.
1276 2931 1429 2972 century
1444 2928 1648 2974 transcript.

872 2995 893 3022 L.

1759 142 1852 186 289

1664 661 1851 689 Amunnder-

1664 703 1704 740 by
1722 702 1782 730 and

1667 742 1830 775 flondgute

1664 787 1695 810 tl)
1709 782 1791 809 have

1664 829 1820 850 common-

1665 861 1758 898 right‚
1775 864 1844 895 etc.,

1664 899 1756 928 south
1774 899 1807 928 of

1666 940 1761 974 Skell,

1667 1045 1789 1083 paying
1804 1050 1837 1072 to

1668 1086 1722 1114 the
1737 1090 1822 1113 town

1668 1126 1701 1153 of
1715 1124 1815 1162 Ripon

1668 1167 1710 1195 bs.
1728 1164 1790 1192 nnd
1805 1166 1837 1193 to

1670 1205 1721 1234 the
1738 1203 1857 1233 Masta-r

1668 1244 1701 1273 of
1714 1244 1759 1272 St.

1668 1283 1779 1312 John's

1669 1322 1805 1360 hospital
1826 1323 1868 1350 5⁸.

1669 1363 1832 1400 annually.

1679 2334 1717 2362 W
1725 2335 1746 2363 it
1752 2343 1862 2363 messes.

1679 2748 1755 2777 Rob.
1771 2749 1808 2777 de

1678 2788 1837 2817 Nunwick

1679 2831 1712 2856 to
1729 2827 1871 2856 Durham

1682 2867 1806 2904 Ahbey.
