1935 3151
40 148 133 196 172
755 159 1031 193 MfflxofflAts
1066 159 1125 192 or
1161 159 1319 193 RlPoN.

274 272 425 313 famuli
454 273 535 313 Tui
568 272 800 313 sacerdotis
836 274 881 312 et
906 272 1061 311 animae
1088 271 1240 311 famuli
1265 271 1347 311 Tui
1378 267 1607 310 sacerdotis
1632 265 1737 325 (sic)
1766 272 1811 310 et

273 338 499 378 animabus
530 338 790 378 famulorum
823 337 1014 376 Tuorum
1050 335 1374 376 sacerdotum'¹
1405 349 1504 375 cum
1535 334 1812 375 Oracionibus

277 403 453 443 secretis
487 406 532 442 et
562 401 971 442 Postcommunione
1003 400 1251 453 pertinente
1282 400 1334 440 ad
1367 399 1552 449 easdem,
1583 412 1658 452 pro
1689 397 1813 452 cujus

41 479 175 509 Endow-
275 466 450 520 quidem
472 466 671 506 cantariae
703 465 941 515 dotacione,
964 467 1009 504 et
1037 465 1354 504 sustentacione
1376 462 1586 516 capellani
1619 461 1813 516 ejusdem

41 523 126 549 ment
142 519 185 557 hy
274 545 349 584 pro
380 534 572 584 tempore
595 544 646 569 ex
677 532 817 569 oneris
844 542 891 568 ac
913 541 1093 568 onerum
1117 528 1197 568 sibi
1218 527 1570 568 incumbencium
1594 529 1814 580 supporta-

41 559 158 588 annual

43 598 170 636 pensi-m
185 597 219 626 of
276 595 412 644 cione,
434 598 485 633 ut
506 594 644 633 omnis
665 606 857 632 aerumna
877 592 1074 647 legitime
1095 591 1381 647 alleviet(ur),
1400 595 1444 631 et
1457 592 1613 630 merita
1627 589 1815 643 praemiis

42 643 95 667 ἴω
112 638 226 666 marks.
276 661 625 711 compensentur,
657 657 726 707 do,
749 656 860 711 lego,
883 660 927 696 et
957 657 1128 711 assigno
1158 656 1300 696 eidem
1332 655 1553 709 capellano
1584 653 1814 707 quamdam

276 736 464 762 annuam
506 723 757 776 pensionem
792 722 879 761 sive
913 721 1143 774 quemdam
1180 734 1375 761 annuum
1410 720 1630 760 redditum
1665 719 1815 758 decem

277 800 532 837 marcarum,
555 786 600 825 in
621 799 774 839 puram
797 789 842 825 et
872 789 1127 839 perpetuam
1160 785 1455 834 elemosinam,
1479 784 1559 824 sibi
1581 787 1625 823 et
1648 796 1814 822 succes-

43 865 87 894 To
106 865 142 893 be
160 864 232 903 pam
279 851 443 890 soribus
476 851 579 901 suis,
610 864 686 904 per
717 863 869 890 manus
902 850 1060 890 Prioris
1092 853 1138 889 et
1168 852 1405 889 conventus
1437 847 1735 897 Pontefracti,²
1762 847 1815 887 ad

45 905 183 972 ss-‘r'igffif
277 915 383 954 duos
406 915 508 954 anni
530 915 749 965 terminos,
775 914 976 954 videlicet
1006 914 1281 954 Pentecostes
1314 916 1359 953 et
1391 913 1536 953 Sancti
1559 912 1739 951 Martini
1770 911 1816 950 in

45 983 241 1012 pontefract.
276 993 417 1033 yeme,
441 979 620 1033 singulis
642 979 766 1018 annis
787 978 1112 1031 imperpetuum
1132 977 1477 1031 persolvendum,
1498 980 1627 1029 prout
1643 977 1687 1015 in
1705 976 1817 1029 ipso-

45 1054 169 1101 Ygar’s-
278 1057 375 1083 rum
402 1043 559 1083 Prioris
581 1046 625 1082 et
646 1046 883 1082 conventus
913 1042 1050 1082 literis
1073 1041 1242 1095 plenius
1264 1042 1523 1081 continetur.
1586 1041 1699 1080 Item
1722 1039 1818 1079 volo

45 1095 143 1124 mmd.
279 1111 324 1148 et
345 1108 493 1147 ordino
518 1107 632 1161 quod
659 1106 776 1146 idem
798 1107 1041 1160 capellanus
1059 1109 1104 1146 et
1126 1119 1385 1145 successores
1408 1105 1473 1145 sui
1495 1118 1631 1144 unum
1648 1104 1816 1144 obitum

279 1172 508 1211 annualem
529 1185 605 1225 pro
625 1172 770 1211 anima
791 1185 887 1211 mea
909 1175 955 1211 et
985 1184 1060 1224 pro
1092 1170 1318 1210 animabus
1350 1169 1604 1223 supradictis
1624 1169 1670 1208 in
1691 1167 1818 1208 choro

279 1236 405 1276 dictae
428 1235 613 1275 ecclesiae
635 1235 871 1290 collegiatae
893 1234 1046 1288 Ripon’
1067 1237 1267 1288 procuret
1295 1237 1340 1274 et
1360 1233 1502 1284 faciat,
1523 1236 1753 1287 procurent
1774 1235 1819 1272 et

279 1300 453 1350 faciant,
489 1299 768 1353 solempniter
808 1299 1029 1349 celebrari,
1060 1312 1135 1352 pro
1177 1297 1301 1351 cujus
1343 1297 1486 1337 obitus
1528 1296 1819 1337 celebracione

47 1376 111 1422 Tne
126 1376 231 1413 Chap-
279 1364 397 1404 idem
418 1363 666 1417 capellanus
690 1366 734 1403 et
757 1377 1017 1403 successores
1042 1363 1106 1402 sui
1138 1363 1192 1402 de
1219 1366 1340 1416 parte
1364 1363 1451 1401 sive
1472 1362 1670 1415 porcione
1692 1361 1819 1400 dictae

46 1416 113 1484 12ῗέ
128 1419 246 1484 ξζῑῑζῗιζ
279 1428 496 1482 pensionis
520 1428 607 1467 sive
630 1427 763 1466 annui
790 1427 984 1467 redditus
1016 1428 1165 1467 decem
1198 1439 1452 1476 marcarum,
1475 1425 1631 1479 viginti
1664 1424 1818 1464 solidos

47 1494 205 1562 {Eitddfflae
282 1492 585 1546 sterlingorum
608 1492 818 1531 ministris
850 1492 977 1531 dictae
1009 1491 1196 1531 ecclesiae
1226 1491 1340 1530 inter
1372 1503 1443 1529 eos
1475 1489 1711 1529 secundum
1734 1488 1821 1527 dis-

49 1556 102 1601 th‘e
117 1556 203 1610 paor.
280 1556 518 1596 crecionem
539 1556 675 1609 ipsius
698 1555 876 1609 capituli
898 1554 1148 1595 dividendos
1166 1554 1340 1605 solvere,
1357 1566 1520 1593 necnon
1544 1552 1649 1592 duos
1665 1552 1819 1592 solidos

280 1625 325 1661 et
347 1635 420 1661 sex
441 1620 637 1660 denarios
659 1620 774 1660 inter
795 1634 1004 1674 pauperes
1027 1623 1071 1659 et
1103 1632 1260 1673 egenos
1292 1618 1441 1658 eodem
1474 1617 1543 1658 die
1574 1630 1650 1671 per
1674 1629 1819 1670 super-

280 1686 420 1725 visum
442 1685 547 1725 dicti
569 1684 747 1737 capituli
769 1698 942 1738 erogare
965 1688 1009 1723 et
1030 1683 1285 1724 distribuere
1307 1684 1509 1722 teneatur
1523 1685 1568 1722 et
1590 1683 1820 1721 teneantur

50 1759 117 1788 The
133 1762 185 1788 ten
280 1750 616 1803 imperpetuum.
680 1749 795 1788 Item
829 1748 924 1788 volo
957 1751 1002 1788 et
1028 1748 1191 1798 ordino,
1222 1747 1321 1787 licet
1353 1746 1474 1786 Prior
1508 1748 1553 1785 et
1585 1747 1819 1785 conventus

50 1799 155 1875 ἓξὲξ
167 1839 199 1866 to
281 1814 491 1867 prioratus
515 1813 661 1854 Sancti
682 1813 710 1854 J
713 1811 892 1853 ohannis
914 1813 966 1852 de
990 1811 1253 1862 Pontefract,
1275 1811 1349 1864 qui
1373 1824 1446 1864 per
1464 1810 1671 1863 scriptum
1695 1822 1820 1849 suum

51 1877 238 1954 ffipffldbffi
282 1877 558 1917 indentatum
579 1875 757 1930 praefato
774 1877 992 1930 capellano
1005 1876 1204 1916 cantariae
1219 1875 1434 1928 praedictae
1448 1877 1493 1914 et
1508 1873 1821 1914 successoribus

52 1965 126 1994 may
139 1938 176 1984 b'e
191 1958 225 1984 at
284 1942 372 1982 suis
394 1941 572 1993 factum,
595 1942 742 1981 decem
764 1955 925 1981 marcas
947 1941 1174 1981 annuatim
1196 1940 1249 1980 ad
1271 1939 1383 1979 festa
1405 1939 1551 1980 Sancti
1575 1937 1754 1977 Martini
1777 1937 1821 1976 in

53 1993 147 2024 York.
281 2019 406 2058 yeme
429 2009 474 2045 et
496 2005 773 2045 Pentecostes
795 2006 849 2046 ad
872 2019 1091 2045 summum
1114 2004 1246 2044 altare
1268 2004 1312 2043 in
1336 2003 1513 2043 ecclesia
1526 2002 1751 2055 collegiata
1768 2000 1821 2040 de

284 2069 436 2123 Ripon’
468 2069 672 2122 praedicta
703 2069 864 2109 solvere
896 2072 1114 2118 tenentur,
1146 2067 1395 2122 hujusmodi
1430 2079 1640 2106 summam
1672 2065 1821 2105 decem

283 2147 522 2173 marcarum
544 2133 597 2173 ad
619 2133 730 2173 festa
752 2133 980 2173 solucionis
1003 2133 1205 2186 praedicta
1234 2132 1374 2172 eidem
1402 2130 1621 2185 capellano
1650 2143 1725 2170 seu
1748 2142 1823 2169 suo

284 2201 400 2237 certo
432 2199 650 2237 attornato
682 2198 727 2236 in
757 2197 933 2237 ecclesia
964 2195 1198 2236 cathedrali
1230 2195 1356 2235 Ebor.
1378 2194 1565 2234 fideliter
1596 2192 1821 2232 annuatim

285 2262 545 2314 persolvant,
568 2261 681 2315 quod
703 2261 844 2301 dictus
865 2261 1109 2314 capellanus
1130 2263 1174 2299 et
1206 2272 1463 2299 successores
1487 2258 1551 2297 sui
1573 2271 1672 2297 cum
1695 2260 1739 2297 et
1770 2256 1822 2295 de

287 2324 533 2378 hujusmodi
557 2325 843 2365 solucionibus
864 2324 1029 2364 fuerint
1049 2323 1257 2373 contenti,
1279 2336 1358 2362 nec
1379 2322 1595 2361 occasione
1616 2320 1691 2360 illa
1711 2319 1823 2374 quod

287 2390 369 2441 ipsi
400 2389 520 2428 Prior
552 2392 595 2429 et
626 2392 862 2429 conventus
893 2387 1141 2442 hujusmodi
1175 2400 1385 2426 summam
1421 2386 1474 2425 ad
1507 2385 1727 2425 ecclesiam
1771 2383 1824 2423 de

290 2452 441 2506 Ripon'
464 2466 548 2492 non
571 2452 786 2502 deferunt,
808 2452 1015 2506 capellani
1047 2451 1238 2505 praedicti
1270 2451 1404 2490 dictos
1438 2449 1628 2488 Priorem
1659 2452 1703 2488 et
1724 2461 1824 2487 con-

292 2519 485 2566 ventum,
508 2516 815 2569 inquietabunt
835 2515 1126 2569 quovismodo,
1150 2515 1222 2555 sed
1246 2514 1417 2554 eosdem
1445 2513 1637 2553 Priorem
1660 2515 1705 2552 et
1726 2525 1826 2551 con-

292 2583 471 2620 ventum
505 2581 538 2619 si
570 2579 817 2633 hujusmodi
851 2580 1088 2620 soluciones
1119 2579 1173 2619 ad
1204 2579 1314 2619 festa
1344 2577 1546 2631 praedicta
1576 2576 1620 2615 in
1652 2575 1827 2615 ecclesia

293 2643 527 2684 cathedrali
546 2644 669 2684 Ebor.
688 2642 867 2683 fecerint
883 2644 1117 2683 secundum
1132 2642 1311 2683 formam
1327 2641 1527 2694 scriptam
1542 2640 1827 2687 indentatam,

293 2708 500 2748 antedicti
523 2708 575 2747 de
599 2708 749 2748 eadem
773 2722 940 2747 summa
962 2709 1020 2747 sic
1043 2708 1183 2747 soluta
1206 2705 1525 2760 acquietabunt.
1588 2704 1701 2743 Item
1733 2702 1827 2742 volo

61 2784 145 2813 (κιαι
162 2794 200 2813 on
296 2776 340 2811 et
371 2773 519 2811 ordino
550 2773 662 2825 quod
685 2772 868 2825 quilibet
889 2772 1135 2825 capellanus
1166 2772 1291 2811 dictae
1313 2770 1509 2809 cantaria?
1530 2781 1605 2821 pro
1636 2771 1826 2820 ternpore

63 2825 242 2853 “dm³⁵³⁵⁰'¹·
297 2838 483 2876 existens
518 2838 560 2875 in
601 2851 674 2876 sua
711 2837 913 2889 primaria
949 2836 1206 2876 admissione
1234 2836 1284 2875 ad
1318 2835 1476 2873 dictam
1509 2832 1741 2871 cantariam
1774 2831 1825 2870 ad

348 2915 402 2957 (l)
432 2915 527 2949 York
549 2915 682 2956 Missal,
701 2928 731 2964 P}
755 2915 830 2950 186.
931 2916 986 2957 (2)
1016 2914 1089 2949 The
1111 2914 1254 2959 reading
1274 2913 1314 2947 of
1328 2913 1386 2947 the
1406 2911 1481 2946 MS.
1502 2910 1530 2945 is
1547 2909 1714 2945 doubtful
1732 2909 1826 2943 here.
