1935 3151
575 140 802 175 0R1G1NAL
839 140 1125 174 DOCUMENTS.

83 251 258 293 domino
292 251 459 306 Rogero
493 252 659 305 Swayn,
689 252 890 292 canonico
927 251 1093 305 Ripon',
1122 265 1197 305 pro
1233 251 1418 305 quadam
1452 264 1618 292 summa

84 317 279 370 pecuniae
309 329 438 369 quam
470 315 602 356 michi
634 316 755 356 dedit
786 330 872 369 prae
903 316 1118 368 manibus,
1151 329 1289 357 unum
1322 315 1481 356 toftum
1518 329 1618 356 cum

84 381 363 433 pertinenciis
397 381 441 419 in
484 380 636 433 Ripon’
664 379 813 434 jacens
844 381 958 420 inter
991 383 1163 433 pratum
1196 380 1249 420 de
1287 379 1536 420 Eluesh0u¹
1573 382 1618 420 et

86 444 199 483 viam
240 458 335 496 quae
377 457 420 483 se
455 444 672 484 exstendit
707 443 761 483 de
799 443 1116 498 Staynbrugate
1150 457 1284 497 usque
1318 443 1618 483 molendinum

85 507 249 546 domini
300 506 620 560 Archiepiscopi
670 508 783 560 quod
826 511 998 547 vocatur
1041 507 1341 548 Molendinum
1385 507 1616 548 Orientale.

85 571 340 610 Tenendum
376 574 421 610 et
446 570 693 611 habendum
726 571 867 611 eidem
903 571 1076 611 domino
1109 572 1275 626 Rogero
1304 575 1346 611 et
1378 570 1618 611 haeredibus

86 635 174 674 suis
196 634 262 674 vel
286 635 372 674 suis
393 635 623 689 assignatis
645 635 697 674 de
720 635 808 674 Deo
829 639 874 674 et
897 635 1086 675 Ecclesia
1109 636 1231 676 Beati
1255 635 1442 675 Wilfridi
1465 635 1618 689 Ripon’

84 700 131 737 et
161 699 330 738 vicariis
361 698 555 752 ejusdem
577 698 784 749 ecclesiae,
805 698 953 750 libere,
975 700 1138 752 quiete,
1160 700 1284 750 bene,
1305 702 1350 739 et
1370 700 1415 739 in
1437 712 1539 752 pace
1571 700 1617 739 in

84 765 357 814 perpetuum.
420 761 654 802 Reddendo
685 762 785 802 inde
816 775 892 815 per
921 776 1085 802 annum
1116 763 1332 817 praedictis
1364 763 1529 803 vicariis
1572 766 1617 803 et

84 826 395 865 successoribus
417 826 503 865 suis
525 825 761 866 octodecim
782 825 978 865 denarios
1000 827 1170 881 argenti
1191 827 1245 867 ad
1266 826 1426 867 festum
1450 826 1615 867 Sanctae

85 888 325 929 Scolasticae
360 890 567 943 Virginis,
602 893 646 929 et
683 888 926 929 haeredibus
959 890 1154 930 Matildae
1188 890 1318 944 Discy
1359 904 1497 931 unum
1538 905 1615 944 par

82 952 277 992 albarum
318 943 645 1004 cirdtechzirum,
687 953 740 992 ad
780 951 956 1004 Pascha,
990 955 1123 1007 precii
1158 955 1287 994 unius
1328 955 1506 1004 denarii,
1538 968 1614 1007 pro

83 1018 202 1056 omni
236 1017 409 1057 servicio
439 1016 643 1067 saeculari,
673 1018 912 1067 exaccione,
944 1021 988 1057 et
1021 1018 1247 1068 demanda,
1276 1019 1328 1058 ad
1358 1019 1613 1071 praedictum

81 1080 242 1121 toftum
264 1082 581 1135 pertinentibus
603 1082 648 1120 in
669 1086 944 1134 perpetuum.
1005 1083 1097 1137 Ego
1125 1097 1223 1123 vero
1254 1083 1483 1136 praedictus
1504 1083 1613 1122 Wil-

83 1144 240 1185 lelmus
281 1149 326 1185 et
362 1144 550 1185 haeredes
592 1146 678 1185 mei
718 1145 973 1198 praedictum
1006 1146 1166 1186 toftum
1199 1160 1299 1186 cum
1334 1147 1613 1200 pertinenciis

82 1210 286 1262 praedicto
306 1210 479 1249 domino
500 1209 667 1264 Rogero
689 1213 734 1249 et
765 1208 1005 1250 haeredibus
1039 1211 1127 1250 suis
1159 1211 1227 1250 vel
1261 1211 1348 1251 suis
1380 1212 1612 1265 assignatis

81 1278 228 1313 contra
249 1287 395 1313 omnes
416 1272 613 1313 homines
633 1273 1001 1314 warantizabimus
1016 1275 1061 1314 in
1083 1279 1356 1328 perpetuum.
1418 1275 1471 1314 In
1488 1275 1612 1328 cujus

81 1338 143 1378 rei
174 1338 473 1378 testimonium
505 1337 605 1378 huic
626 1339 829 1392 praesenti
860 1345 987 1378 cartae
1020 1339 1212 1393 sigillum
1243 1353 1391 1379 meum
1421 1341 1612 1393 apposui.

81 1402 178 1442 Hiis
219 1402 420 1453 testibus,
461 1402 635 1442 domino
685 1401 882 1443 ¹Iohanne
929 1403 982 1443 de
1024 1403 1367 1458 Beniingwurth‚
1409 1405 1612 1444 canonico

79 1465 246 1519 Ripon',
268 1465 474 1506 Nicholao
502 1466 555 1506 de
587 1466 852 1521 Bmfflegate,
875 1467 1043 1521 Rogero
1071 1468 1124 1507 de
1157 1467 1284 1518 Cane,
1307 1468 1476 1507 vicariis
1498 1467 1612 1521 ejus-

78 1530 193 1579 dem,
221 1530 440 1570 Willelmo
465 1530 517 1569 de
550 1529 817 1580 Clotherum,
844 1531 1065 1571 willelmo
1096 1532 1310 1581 Tinctore,
1344 1532 1524 1572 Ricardo
1554 1533 1608 1572 de

79 1593 234 1644 Stowe,
256 1593 441 1634 Roberto
461 1594 515 1634 de
537 1593 825 1647 Bischopton',
847 1594 873 1634 J
878 1593 1043 1635 ohanne
1065 1596 1118 1635 de
1142 1596 1389 1649 Stapilford,
1413 1599 1457 1636 et
1478 1596 1586 1636 aliis.

167 1656 299 1698 Label
320 1657 415 1698 ancl
436 1656 526 1698 scal
545 1671 670 1709 gyone.

166 1720 640 1775 Endorsed.-Rip0n’‚
661 1725 962 1762 tenementum
985 1723 1062 1763 sub
1085 1723 1245 1764 Elfsou.
1308 1724 1364 1764 H.
1389 1726 1457 1764 44.

277 1867 466 1902 CXLVII.
503 1867 748 1901 ANOTHER
779 1867 955 1902 GRANT
988 1868 1050 1902 OF
1084 1869 1187 1902 THE
1222 1869 1401 1903 ABOVE.

603 1938 747 1982 (Rn'on
773 1938 957 1973 OHAPTER
982 1939 1078 1984 MS.)

165 2015 311 2055 Sciant
338 2017 568 2068 praesentes
601 2017 645 2054 et
666 2013 802 2053 futuri
824 2013 935 2066 quod
958 2027 1038 2067 ego
1060 2013 1254 2068 Rogerus
1275 2014 1416 2054 dictus
1441 2015 1606 2068 Sweyn,

75 2079 302 2118 canonicus
327 2078 519 2131 Riponae,
551 2077 754 2127 concessi,
783 2077 897 2127 dedi,
927 2082 972 2116 et
1004 2079 1205 2130 praesenti
1240 2082 1355 2118 carta
1383 2092 1479 2118 mea
1507 2092 1607 2118 con-

75 2141 240 2181 firmavi
273 2142 440 2196 Rogero
470 2141 524 2181 de
555 2141 808 2180 Molendino
839 2144 883 2181 et
914 2141 1171 2195 Margaretae
1203 2142 1324 2181 uxori
1357 2156 1442 2182 suae
1483 2143 1607 2196 nepti

76 2219 197 2256 meze,
234 2219 371 2245 unum
404 2205 565 2244 toftum
599 2219 697 2244 cum
731 2205 1011 2257 pertinenciis
1048 2206 1093 2244 in
1129 2206 1280 2258 Ripon'
1311 2205 1460 2259 jacens
1492 2207 1606 2246 inter

76 2273 249 2322 pratum
271 2269 324 2309 de
346 2267 561 2308 Elueshov
584 2272 628 2308 et
651 2269 761 2307 viam
793 2282 887 2321 quae
921 2282 962 2307 se
995 2269 1191 2308 extendit
1222 2270 1274 2309 de
1299 2269 1607 2324 Staynbriggat

76 2346 210 2386 usque
242 2333 539 2372 molendinum
570 2332 731 2371 domini
753 2331 1068 2385 Archiepiscopi
1101 2333 1213 2385 quod
1235 2337 1408 2373 vocatur
1439 2334 1608 2373 Molen-

76 2396 227 2436 dinum
260 2396 489 2436 Orientale.
551 2396 804 2435 Tenendum
837 2399 882 2435 et
923 2395 1167 2435 habendum
1202 2397 1389 2436 eeisdem
1427 2397 1606 2451 Rogero‚

76 2461 345 2513 Margaretae,
368 2464 409 2499 et
434 2458 674 2499 haeredibus
697 2460 748 2498 de
763 2460 876 2498 dicta
891 2459 1133 2513 Margareta
1147 2460 1342 2514 legitime
1361 2462 1606 2514 procreatis,

76 2524 129 2563 de
161 2524 252 2563 Deo
282 2527 325 2562 et
357 2523 547 2562 Ecclesia
569 2523 693 2562 Beati
715 2522 902 2561 Wilfridi
926 2523 1103 2576 Riponae
1136 2528 1177 2563 et
1212 2525 1377 2564 vicariis
1411 2525 1605 2578 ejusdem

76 2587 278 2636 ecclesiae,
300 2587 447 2637 libere,
470 2587 631 2639 quiete,
653 2586 762 2625 bene
786 2590 826 2625 et
846 2587 891 2625 in
909 2600 1011 2639 pace
1034 2588 1078 2626 in
1095 2592 1368 2641 perpetuum,
1391 2589 1607 2627 reddendo

150 2676 205 2720 (1)
233 2675 324 2710 Now
341 2676 455 2710 called
486 2675 615 2720 Ailcey
635 2674 726 2719 Hm,
753 2674 789 2708 in
815 2675 876 2709 the
899 2675 1097 2710 Residence
1120 2677 1286 2721 grounds.
1337 2678 1372 2710 A
1391 2677 1524 2711 similar
1542 2678 1607 2711 hill

77 2739 163 2762 near
179 2728 328 2762 Falkirk
345 2728 375 2761 is
394 2728 508 2762 called
528 2728 591 2761 Elt'
607 2727 696 2761 Hill.
747 2727 860 2762 These
880 2728 962 2762 hills
980 2740 1074 2762 were
1094 2729 1274 2763 doubtless
1293 2731 1421 2763 named
1440 2730 1531 2763 from
1544 2730 1606 2764 the

78 2780 172 2814 elves
191 2791 231 2814 01·
248 2780 365 2814 fairies
381 2779 429 2825 by
447 2780 567 2814 which
585 2780 671 2826 they
689 2792 780 2814 were
800 2781 975 2826 supposed
993 2785 1029 2816 to
1048 2781 1091 2815 be
1110 2781 1329 2826 frequented.
1369 2782 1509 2816 Elstow
1525 2794 1609 2816 near

77 2831 234 2867 Bedford
259 2844 333 2867 was
359 2832 775 2878 ‘Elvcst0ue.’——Regin.
803 2833 967 2868 Dunelm.
995 2845 1071 2880 cap.
1099 2834 1212 2869 lxxiv.
1264 2834 1328 2869 See
1355 2834 1477 2877 above,
1495 2847 1528 2881 p.
1547 2835 1606 2878 60,

81 2895 114 2917 11.
134 2885 165 2918 3.

1757 128 1850 175 263

1653 258 1685 285 to
1701 255 1779 295 Rog.

1654 295 1780 334 Swayn.

1653 384 1823 415 Elveshou.

1653 770 1752 800 Rent-

1650 810 1766 847 charge
1781 810 1813 839 of

1652 850 1719 878 lsd.

1648 904 1678 932 A
1695 906 1763 942 pair

1648 944 1683 972 of
1700 944 1798 973 white

1648 982 1764 1020 gloves.

1648 1415 1828 1447 witnesses.

1643 2028 1720 2066 Rog.

1643 2068 1769 2106 chyn‚

1643 2116 1749 2136 canon.
1771 2111 1804 2135 to

1643 2146 1718 2183 Rog,
1728 2146 1765 2175 dc
1775 2145 1843 2175 MO-

1641 2185 1777 2215 lendino.
