1915 3068
400 167 633 200 EonRP'rS
669 166 795 199 FROM
833 164 1137 206 CIIRONICLES,
1174 164 1269 197 ETO.

62 280 198 320 beatae
234 280 449 319 memoriae
475 279 582 332 ejus,
614 280 659 318 in
693 278 870 318 ecclesia
905 277 1075 317 nostra¹
1111 290 1246 330 usque
1284 274 1411 316 hodie
1448 288 1595 315 recon-

60 344 239 394 duntur,
262 344 336 383 ubi
369 343 560 397 reliquiae
592 343 709 382 illius
740 343 1043 396 requiescunt3
1077 345 1122 381 et
1149 342 1240 380 sine
1274 340 1595 380 intermissione

62 409 255 461 quotidie
277 409 322 447 in
344 407 606 447 orationibus
629 408 814 447 nominis
838 406 931 460 ejus
954 406 1259 446 recordantur.‘-'

675 557 852 601 EAmrmz,
869 557 967 591 xviii.

152 651 312 691 Beatus
334 665 434 691 vero
447 650 672 690 Wilfridus
689 651 774 690 suis
792 651 1001 700 redditus,
1017 651 1189 704 egregia
1209 650 1369 689 mentis
1385 650 1593 689 instantia

63 729 233 768 operam
255 715 399 765 dabat,
422 719 635 769 quatenus
669 719 713 755 et
744 728 792 754 ea
823 729 917 768 quae
939 715 1067 769 longa
1099 718 1290 754 vetustas
1321 718 1396 754 aut
1429 714 1593 753 incuria

62 779 328 829 dissolverat,
370 783 415 819 et
456 779 645 819 ecclesiis
686 783 967 819 restauraret:
1013 783 1057 818 et
1099 793 1193 832 quse
1234 779 1279 817 in
1323 778 1591 818 subditorum

64 857 238 883 suorum
261 844 451 883 moribus
473 843 616 882 oculos
639 843 786 897 magni
810 842 888 883 Dei
911 842 1129 882 offendere
1161 845 1375 895 poterant,
1398 842 1593 881 elimina-

62 911 142 948 ret.
205 908 370 955 Qujbus
407 908 605 960 operibus
640 910 803 960 quanto
836 907 973 960 magis
1004 907 1276 956 intendebat,
1307 911 1432 946 tanto
1467 920 1510 946 se
1547 906 1592 945 in

62 971 215 1024 majori
237 972 449 1011 virtutum
482 971 684 1010 exercitio
715 970 1038 1024 constringebat
1056 984 1067 1018 3
1099 974 1149 1009 ut
1182 970 1386 1023 subjectis
1422 970 1467 1009 in
1500 969 1593 1023 ejus

62 1036 152 1074 vita
173 1039 287 1075 esset
310 1035 470 1084 videre,
492 1048 574 1086 qua
595 1034 824 1089 diligentia
842 1033 1049 1074 deberent
1070 1034 1293 1074 verborum
1312 1034 1447 1087 ipsius
1464 1034 1594 1073 docu-

62 1104 208 1138 menta
230 1100 456 1152 suscipere.

152 1164 250 1203 Hiis
272 1169 419 1204 autem
442 1178 536 1217 quae
550 1164 771 1204 destructa
792 1166 1040 1217 reppererat
1053 1163 1099 1202 in
1116 1163 1340 1217 integrum
1361 1162 1593 1212 restitutis,

63 1228 287 1268 ecclesiam
309 1229 353 1267 in
375 1227 580 1268 honorem
603 1228 727 1268 Beati
749 1228 868 1268 Petri
891 1227 1191 1280 Apostolorum
1223 1227 1427 1280 principis
1449 1240 1473 1265 a
1494 1225 1594 1266 fun-

63 1292 277 1332 damentis
318 1292 644 1342 consummavit,
679 1295 724 1331 et
765 1305 859 1331 eam
899 1291 1038 1331 multo
1078 1291 1230 1330 decore
1269 1291 1346 1331 sub
1382 1292 1594 1330 immensa

64 1357 309 1410 principum
340 1370 387 1396 ac
418 1356 674 1410 populorum
716 1355 960 1409 frequentia
990 1355 1287 1395 consecravit.³
1350 1355 1411 1395 Ut
1444 1358 1592 1395 autem

62 1426 244 1460 ventum
279 1424 344 1461 est
376 1421 430 1461 ad
465 1421 530 1460 sui
567 1421 771 1460 sermonis
807 1420 1007 1470 officium,
1040 1420 1135 1459 luce
1176 1419 1332 1459 clarius
1366 1420 1455 1459 visa
1492 1422 1593 1459 sunt

64 1485 289 1525 Dominica
319 1486 365 1525 in
387 1499 436 1525 eo
458 1485 586 1525 verba
607 1485 824 1538 compleri,
845 1484 949 1524 Non
979 1497 1053 1524 vos
1080 1482 1181 1524 estis
1213 1482 1296 1538 qm:
1328 1481 1593 1538 loquimini,

64 1548 138 1589 sed
159 1547 369 1603 Spiritus
391 1547 548 1589 Patr-is
579 1547 670 1589 ‘mci
692 1547 773 1603 qui
796 1547 1000 1602 loquitur
1030 1546 1085 1588 in
1115 1547 1250 1589 vobis.
1312 1548 1435 1596 Quod
1467 1561 1516 1587 ea
1546 1560 1592 1587 re

63 1613 190 1666 plane
222 1613 324 1653 licet
357 1613 639 1664 considerare,
661 1627 759 1653 cum
797 1616 839 1653 et
873 1613 1057 1666 populus
1089 1613 1136 1652 in
1172 1613 1314 1652 Deum
1350 1625 1506 1666 magna
1537 1612 1594 1651 sit

64 1671 294 1712 dilectione
316 1686 367 1711 ex
388 1672 462 1712 illo
493 1671 689 1722 affectus,
721 1675 765 1711 et
795 1672 920 1711 corda
951 1672 1196 1725 principum
1226 1674 1351 1711 tanto
1371 1672 1527 1710 timore
1549 1673 1594 1710 et

65 1749 207 1776 amore
238 1736 318 1776 Dei
352 1737 440 1776 sint
470 1750 660 1786 accensa,
682 1740 733 1775 ut
763 1749 849 1776 non
884 1736 1023 1776 Solum
1061 1749 1109 1775 ea
1145 1749 1238 1788 quae
1270 1735 1389 1788 prius
1410 1735 1464 1774 ad
1493 1734 1595 1788 jura

65 1800 200 1854 ipsius
223 1800 409 1840 ecclesiae
430 1800 723 1854 pertinebant,
744 1800 798 1839 ad
821 1813 967 1840 vocem
997 1800 1113 1839 illius
1144 1799 1420 1839 testamentis
1441 1798 1594 1838 confir-

64 1868 248 1915 marent,
287 1866 359 1905 sed
402 1868 447 1904 et
488 1865 683 1918 quaedam
723 1864 776 1904 de
819 1865 906 1904 suis
946 1865 1030 1917 ipsi
1067 1863 1254 1904 ecclesiae
1288 1863 1592 1903 condonarent.

64 1928 224 1969 Triduo
254 1932 352 1982 post
381 1928 486 1980 haec,
518 1930 636 1969 omni
669 1942 814 1969 secum
850 1929 979 1969 turba
1012 1929 1201 1978 detenta,
1224 1941 1332 1980 pane
1365 1928 1465 1966 vitae
1501 1930 1593 1966 tam

61 1991 246 2032 coelestis
267 2006 395 2046 quam
425 1993 641 2033 terrestris
673 2006 768 2032 eam
798 1993 965 2045 copiose
995 1992 1158 2032 refecit.
1221 1991 1456 2031 Ecclesiam
1487 2004 1594 2043 prae-

62 2060 179 2095 terea
199 2058 367 2110 magnis
388 2056 638 2097 muneribus
661 2060 705 2096 et
727 2057 1003 2107 ornamentis,
1026 2056 1167 2096 decori
1195 2055 1346 2095 domus
1376 2055 1457 2094 Dei
1478 2068 1592 2094 com-

61 2120 326 2172 petentibus,
367 2121 537 2161 ditavit.
618 2121 676 2160 Et
715 2134 816 2160 cum
856 2119 945 2160 haec
987 2134 1114 2174 opera
1162 2120 1289 2160 laude
1339 2119 1594 2174 dignissima

61 2183 235 2234 faceret,
257 2186 324 2224 uti
344 2184 612 2225 mortiferam
633 2188 801 2238 pestem
822 2184 993 2224 laudem
1024 2184 1222 2239 fugiebat
1253 2182 1513 2232 humanam3
1544 2197 1593 2222 ac

65 2248 123 2288 sic
144 2249 308 2301 positus
329 2250 376 2289 in
397 2250 540 2289 medio
562 2249 819 2303 populorum
844 2249 1044 2289 omnibus
1076 2251 1168 2288 erat
1199 2248 1436 2301 speculum,
1459 2251 1505 2287 et
1524 2248 1594 2286 in-

63 2310 263 2352 formatio
284 2327 463 2366 operum
484 2313 707 2354 bonorum.

62 2448 135 2483 For
152 2460 196 2483 an
214 2453 365 2484 account
389 2449 428 2484 of
449 2450 506 2484 his
530 2449 593 2483 life
618 2449 691 2483 and
708 2449 827 2483 works
852 2461 908 2483 see
928 2448 1105 2495 NVright's
1132 2448 1251 2493 Be'oyr.
1279 2448 1373 2482 Brit.
1399 2447 1591 2492 Literarz'a,

61 2501 360 2546 Anglo-Norman
394 2502 528 2548 period,
559 2502 639 2537 366.
689 2502 925 2548 Ripodunum
958 2501 990 2536 is
1022 2502 1177 2548 Repton,
1202 2501 1284 2536 here
1310 2500 1518 2535 mentioned
1542 2500 1590 2546 by

59 2554 210 2588 mistake
227 2555 283 2589 for
300 2554 430 2600 Ripon.

133 2607 188 2650 (l)
216 2607 301 2641 This
318 2607 521 2653 expression
538 2607 654 2641 shews
672 2607 753 2642 that
771 2607 910 2641 Eddius
926 2606 1100 2652 belonged
1119 2611 1154 2641 to
1172 2607 1234 2642 the
1251 2605 1384 2641 church
1403 2605 1443 2640 of
1456 2605 1588 2652 Ripon.

132 2659 188 2703 (2)
219 2660 322 2694 With
339 2660 438 2694 these
454 2664 624 2694 accounts
641 2660 681 2693 of
693 2659 888 2693 wilfrith‘s
900 2660 1017 2694 works
1034 2664 1071 2694 at
1090 2659 1190 2694 York
1208 2659 1278 2693 and
1291 2659 1410 2704 Ripon
1436 2670 1491 2693 we
1505 2670 1588 2704 may

59 2721 220 2757 compare
236 2712 341 2746 Prior
359 2713 545 2747 Richard's
560 2712 776 2758 description
794 2712 834 2747 of
853 2713 915 2746 the
933 2712 1106 2747 churchee
1130 2713 1174 2746 he
1191 2711 1283 2746 built
1301 2717 1339 2746 at
1357 2711 1586 2746 Hermam.—

60 2762 188 2805 P1·:'o=·y
204 2765 247 2810 of
257 2765 434 2808 Heaelmm,
451 2765 472 2799 i.
494 2765 610 2799 10-15
630 2765 792 2809 (Surtees
812 2765 889 2799 Soc.
909 2766 980 2800 vol.
994 2765 1110 2809 xlixx).

133 2817 188 2860 (3)
215 2817 339 2852 Canon
356 2817 483 2861 Raine,
501 2817 630 2852 unable
648 2824 685 2851 to
703 2817 839 2852 believe
865 2819 945 2852 that
972 2817 1128 2852 Eadmer
1152 2816 1275 2851 would
1300 2816 1387 2851 omit
1414 2817 1463 2851 all
1480 2817 1588 2851 refer-

59 2879 142 2903 ence
160 2874 198 2903 to
216 2869 412 2905 Wilfrith’s
429 2869 562 2916 repairs
579 2876 616 2904 at
635 2870 749 2913 York,
767 2882 848 2916 says
873 2871 951 2906 that
971 2872 1016 2906 he
1041 2871 1124 2906 here
1142 2873 1150 2889 ‘
1166 2882 1277 2905 seems
1295 2876 1333 2905 to
1359 2870 1468 2906 blend
1484 2870 1585 2905 York

60 2921 128 2954 and
146 2920 263 2967 Ripon
281 2922 732 2967 together.'—He'storians,
749 2935 782 2969 p.
805 2924 883 2960 179.
903 2936 936 2959 n.

1767 152 1819 197 1]

1628 667 1695 689 AJ).
1710 661 1778 689 670.

1628 714 1803 745 wilfrith’s

1627 755 1762 784 conduct

1627 794 1706 823 after
1722 795 1771 823 his

1628 834 1828 863 restoration.

1629 1171 1679 1200 He
1694 1171 1799 1200 builds

1628 1210 1729 1248 Ripon

1628 1250 1775 1282 minster.

1629 1488 1674 1519 St.
1690 1489 1807 1519 Matth.

1628 1539 1661 1558 x.
1677 1530 1724 1558 20.

1627 1997 1712 2026 Gists
1725 1998 1758 2026 to

1626 2037 1680 2065 the
1695 2037 1813 2066 church

1627 2077 1660 2105 of
1673 2076 1789 2114 Ripon.
