1955 3068
75 155 169 202 118

76 351 238 389 Avignon,

74 391 94 420 J
98 391 151 429 uly
171 393 195 423 1,

73 438 141 460 AD.
154 431 240 459 1333.

73 585 158 615 John

73 624 153 653 XXI
160 624 183 653 Ι.
200 633 272 653 con-

73 665 159 692 firms
179 663 232 692 the

73 703 244 741 privileges

73 743 205 777 granted
223 743 261 780 by

74 781 123 810 his
138 782 241 818 prede-

74 830 199 850 cessors.

75 1547 235 1585 Avign0n‚

76 1586 155 1624 July
171 1587 197 1619 3,

76 1634 144 1655 Α».
163 1627 248 1654 1333.

194 1779 235 1809 fo.
248 1781 275 1809 ἶ).

79 1819 233 1848 Innoccnt

80 1857 142 1887 111.
159 1867 228 1887 con—

79 1897 166 1926 firms
178 1897 277 1935 privi-

78 1936 174 1974 leges.

83 2733 227 2769 Laternu,

84 2772 154 2801 Feb.
175 2774 218 2804 12,

82 2819 147 2840 ΑΛ).
168 2813 249 2840 1216.

789 168 1065 202 MEMORIALS
1101 169 1159 201 OF
1195 169 1352 202 RIPON.

308 278 432 329 feras,
465 282 509 319 et
540 293 634 320 eam
666 280 742 320 ubi
774 283 818 320 et
850 281 1021 334 quando
1053 281 1250 334 expedire
1282 281 1438 320 videris
1468 280 1597 320 facias
1628 282 1764 333 usq'ue
1785 279 1839 320 ad

308 343 649 384 satisfaccionem
670 345 926 398 condignam
950 345 1228 397 solempniter
1249 345 1469 398 publicari.
1516 344 1614 384 Dat.
1636 345 1838 384 Auinion.

307 406 391 447 kal.
415 407 538 458 Julii,
560 408 835 462 pontificatus
856 409 992 447 nostri
1013 422 1125 448 anno
1147 409 1311 448 decimo
1334 409 1529 461 septimo.

971 511 1187 557 (XXXVI.)

396 577 423 617 J
427 575 615 617 ohannes
657 578 908 631 Episcopus,
951 590 1098 616 servus
1133 591 1350 617 servorum
1392 577 1487 627 Dei,
1528 576 1697 616 dilectis
1738 576 1839 616 filiis

306 641 542 694 capitulum
555 641 569 691 (
577 640 660 697 sic)
675 642 865 681 ecclesiae
879 641 1151 694 Riponensis‚
1168 641 1349 681 salutem
1364 645 1409 681 et
1421 641 1696 694 apostolicam
1709 640 1839 680 bene-

307 705 557 746 diccionem.
621 706 740 746 Solet
762 718 950 745 annuere
973 705 1093 744 sedes
1114 706 1344 758 apostolica
1364 706 1445 758 piis
1459 705 1569 745 votis
1588 708 1631 744 et
1646 703 1839 744 honestis

308 770 556 822 petencium
578 770 775 823 precibus
796 768 984 808 favorem
1004 768 1260 809 benevolum
1283 770 1509 822 impertiri.
1570 769 1633 807 Ea
1653 773 1839 821 propter,

308 833 456 872 dilecti
478 834 523 872 in
545 834 730 873 Domino
751 833 844 883 filii,
866 833 1021 872 vestris
1037 831 1171 886 justis
1193 833 1558 886 postulacionibus
1589 836 1712 887 grato
1740 846 1840 872 con-

307 902 531 937 currentes
561 911 751 948 assensu,
783 910 930 937 omnes
961 896 1183 937 libertates
1215 901 1259 937 et
1289 897 1588 937 immunitates
1620 910 1645 936 a
1675 896 1839 949 praede-

307 961 544 1001 cessoribus
566 962 723 1001 nostris
750 961 954 1000 Romanis
975 960 1254 1013 pontificibus
1274 962 1362 1001 sive
1383 975 1460 1014 per
1480 960 1726 1014 privilegia¹
1751 961 1840 1000 sive

307 1025 410 1064 alias
438 1025 733 1080 indulgencias
765 1025 884 1065 vobis
914 1028 958 1064 et
990 1024 1175 1065 ecclesiae
1203 1025 1377 1065 vestrae²
1408 1038 1641 1074 concessas,
1671 1038 1839 1064 necnon

308 1089 530 1129 libertates
552 1092 598 1129 et
620 1090 884 1128 exemciones
908 1088 1196 1128 saecularium³
1218 1090 1491 1129 exaccionum
1513 1103 1537 1129 a
1556 1088 1729 1143 regibus
1751 1088 1839 1128 sive

308 1154 575 1206 principibus
597 1167 644 1193 ac
667 1153 763 1193 aliis
787 1152 1145 1193 Christifidelibus
1163 1154 1476 1194 rationabiliter
1489 1154 1631 1194 vobis⁴
1648 1152 1838 1192 indultas

310 1219 422 1257 sicut
454 1231 524 1257 eas
550 1217 670 1271 juste
705 1221 750 1257 et
778 1217 952 1271 pacifice
981 1217 1205 1268 obtinetis,
1234 1218 1375 1258 vobis⁴
1409 1222 1453 1257 et
1484 1232 1560 1271 per
1590 1231 1663 1257 vos
1697 1217 1838 1257 eidem

309 1282 498 1322 ecclesiae
519 1282 776 1321 auctoritate
797 1281 1029 1334 apostolica
1050 1281 1367 1323 confirmamus.
1399 1282 1520 1322 Nulli
1543 1295 1643 1336 ergo
1665 1281 1839 1321 omnino

309 1345 535 1385 hominum
557 1346 686 1385 liceat
708 1344 816 1384 hanc
838 1346 1038 1399 paginam
1055 1349 1210 1385 nostrae
1231 1346 1567 1386 confirmacionis
1588 1345 1839 1399 infringere,

309 1404 378 1444 vel
401 1405 441 1444 ei
462 1418 569 1443 ausu
591 1405 819 1444 temerario
840 1405 1064 1443 contraire.
1127 1404 1172 1444 Si
1195 1406 1290 1458 quis
1312 1411 1460 1445 autem
1481 1404 1561 1444 hoc
1582 1407 1840 1457 attemptare

310 1468 647 1521 praesumpserit,
685 1468 1034 1521 indignacionem
1067 1467 1387 1521 Omnipotentis
1421 1469 1502 1508 Dei
1538 1472 1582 1508 et
1617 1468 1840 1508 beatorum

311 1531 431 1572 Petri
463 1536 507 1572 et
538 1532 663 1571 Pauli
685 1531 984 1584 Apostolorum
1014 1531 1118 1584 Ejus
1142 1545 1184 1572 se
1206 1534 1373 1572 noverit
1394 1533 1679 1572 incursurum.
1741 1531 1840 1571 Dat.

311 1597 511 1646 Auinion,
535 1610 560 1635 v
582 1596 692 1636 Non.
715 1595 742 1636 J
745 1595 836 1645 ulii,
859 1596 1133 1648 pontificatus
1154 1598 1289 1636 nostri
1309 1610 1421 1637 anno
1442 1597 1607 1637 decimo
1629 1596 1825 1649 septimo.

959 1693 1196 1738 (XXXVII.)

402 1764 685 1803 Innocencius
717 1763 965 1816 Episcopus,
999 1777 1143 1802 servus
1175 1777 1392 1804 servorum
1424 1765 1520 1815 Dei,
1542 1764 1709 1804 dilectis
1740 1762 1841 1802 filiis

312 1827 523 1867 canonicis
559 1827 706 1867 Sancti
741 1826 931 1866 wilfridi
967 1827 1012 1866 in
1048 1827 1224 1880 Ripum,
1261 1828 1444 1868 salutem
1487 1832 1531 1868 et
1564 1827 1841 1881 apostolicam

313 1891 678 1931 benediccionem.
747 1890 855 1931 Cum
896 1904 921 1930 a
960 1890 1082 1930 nobis
1123 1892 1287 1944 petitur
1327 1893 1441 1946 quod
1477 1892 1648 1946 justum
1689 1894 1756 1931 est
1797 1894 1842 1930 et

312 1955 559 2005 honestum,
583 1958 673 1994 tam
695 1956 816 2009 vigor
838 1955 1054 2008 aequitatis
1085 1969 1213 2008 quam
1236 1956 1337 1996 ordo
1359 1958 1493 2011 exigit
1513 1956 1703 2006 rationis,
1726 1958 1776 1995 ut
1797 1955 1842 1994 id

312 2033 388 2072 per
411 2019 729 2059 solicitudinem
751 2019 877 2058 officii
899 2019 1035 2058 nostri
1057 2018 1109 2058 ad
1124 2019 1321 2059 debitum
1343 2021 1601 2073 producatur
1618 2019 1841 2066 effectum;

313 2083 375 2121 Ea
395 2086 583 2135 propter,
606 2082 753 2122 dilecti
775 2083 821 2121 in
844 2082 1028 2122 Domino
1049 2082 1142 2133 filii,
1160 2085 1312 2123 vestris
1328 2084 1460 2137 justis
1481 2082 1841 2137 postulationibus

313 2150 615 2186 concurrentes
652 2160 841 2196 assensu,
878 2147 1076 2199 antiquas
1119 2151 1163 2186 et
1204 2148 1457 2201 approbatas
1493 2147 1841 2196 consuetudines,

314 2210 550 2261 libertates,
583 2213 628 2249 et
658 2210 957 2249 immunitates
987 2223 1010 2248 a
1042 2203 1215 2263 regibus
1257 2215 1302 2251 et·
1337 2211 1603 2264 principibus
1644 2211 1841 2264 legitime

314 2274 458 2314 vobis⁴
481 2288 716 2325 concessaS‚
739 2288 835 2327 quae
866 2272 1122 2329 canon(ic)is
1153 2289 1238 2314 non
1270 2276 1445 2315 obviant
1476 2276 1706 2325 institutis,
1729 2275 1842 2314 sicut

315 2352 384 2379 eas
400 2338 522 2391 juste
545 2342 588 2378 et
609 2339 781 2392 pacifice
808 2338 1029 2388 obtinetis
1053 2338 1196 2378 vobis‘¹
1220 2343 1265 2379 et
1286 2353 1361 2392 per
1383 2353 1455 2380 vos
1479 2339 1668 2379 ecclesiae
1689 2343 1841 2379 vestrae

314 2403 568 2442 auctoritate
600 2402 830 2455 apostolica
857 2402 1175 2453 confirmamus,
1197 2407 1239 2442 et
1266 2404 1489 2456 praesentis
1522 2404 1669 2457 scripti
1700 2406 1841 2456 patro-

314 2466 426 2505 cinio
448 2466 778 2505 communimus.
840 2466 959 2505 Nulli
992 2480 1093 2519 ergo
1114 2464 1338 2506 hominum
1361 2467 1487 2507 liceat
1507 2466 1617 2507 hanc
1637 2468 1840 2521 paginam

314 2532 470 2569 nostrae
486 2529 823 2569 confirmacionis
842 2528 1090 2583 infringere,
1107 2530 1174 2569 vel
1193 2530 1231 2569 ei
1252 2544 1359 2570 ausu
1374 2532 1601 2571 temerario
1617 2531 1839 2570 contraire.

315 2593 361 2632 Si
392 2593 488 2645 quis
520 2594 666 2632 autem
707 2590 787 2632 hoc
827 2595 1086 2646 attemptare
1127 2595 1462 2647 praesumpserit,
1495 2594 1841 2648 indignacionem

316 2656 635 2709 Omnipotentis
653 2655 733 2695 Dei
756 2659 801 2696 et
821 2655 1042 2695 beatorum
1064 2656 1183 2696 Petri
1207 2660 1251 2697 et
1272 2657 1395 2697 Pauli
1409 2657 1712 2711 Apostolorum
1734 2656 1839 2710 Ejus

315 2733 357 2759 se
400 2720 567 2760 noverit
611 2720 896 2759 incursurum.
971 2719 1068 2760 Dat.
1111 2721 1380 2771 Lateranen’,
1421 2721 1449 2774 ij
1495 2721 1559 2761 Id.
1603 2721 1840 2770 Februarii,

313 2784 588 2835 pontificatus
610 2784 748 2823 nostri
769 2797 880 2823 anno
902 2782 1018 2837 xviij.

387 2863 394 2893 (
409 2857 442 2894 1)
471 2855 547 2889 MS.
567 2855 631 2889 has
649 2859 657 2875 ‘
670 2856 884 2901 previlegia.'
983 2857 1038 2898 (2)
1066 2856 1141 2890 MS.
1161 2857 1224 2890 has
1242 2859 1251 2876 ‘
1265 2857 1364 2892 nobis
1382 2861 1417 2892 et
1435 2858 1589 2893 ecclesiae
1609 2859 1760 2893 nostrae.'

388 2909 442 2951 (53)
473 2908 546 2941 318.
569 2908 629 2941 has
649 2916 654 2927 ⁸
671 2908 901 2942 saevularumf
1152 2911 1207 2951 (4)
1238 2909 1311 2944 MS.
1334 2910 1396 2944 has
1415 2909 1557 2944 ‘nobis'
