1955 3068
117 161 176 206 {³8

111 291 243 320 chun-ch-

110 332 200 370 yard.

105 679 157 709 Wi
162 682 259 711 tnessc
264 691 288 712 s.

98 1334 165 1363 The
180 1343 225 1363 re-

97 1374 247 1410 building-

97 1422 194 1449 gmng
209 1423 248 1442 on

97 1453 217 1490 slowly.

103 2485 130 2513 A
138 2484 304 2521 rchbishop

103 2524 226 2560 nugor:
243 2523 291 2552 ob.

102 2562 181 2592 Nox'.
202 2564 285 2591 1181.

827 166 860 199 M
870 166 1100 199 EMORIALS
1136 166 1194 198 012*
1232 166 1387 198 Rn‘oN.

344 277 633 331 propinquum
649 277 776 332 juxta
798 278 1094 333 messuagium
1117 277 1275 333 Rogeri
1297 278 1350 318 de
1373 277 1553 317 Nunwic
1574 279 1687 332 quod
1710 279 1872 321 Radul-

342 342 410 382 fus
432 344 554 396 pater
583 343 775 396 praedicti
798 343 956 398 Rogeri
978 341 1100 382 dedit
1120 340 1251 382 michi
1283 343 1327 382 in
1359 342 1636 397 maritagium
1664 358 1764 384 cum
1784 344 1873 384 filia

342 420 418 446 sua
439 407 565 447 Isoda
585 407 755 460 quando
787 421 866 462 ego
898 420 991 447 eam
1016 406 1283 460 desponsavi,
1304 407 1350 447 in
1380 421 1531 460 puram
1553 410 1599 447 et
1619 411 1872 462 perpetuam

341 470 660 522 eleemosinam,
689 485 765 524 pro
795 471 1019 511 animabus
1048 471 1208 511 nostris
1237 475 1282 511 et
1306 470 1526 511 haeredum
1557 475 1799 512 nostrorum
1829 477 1873 512 et

339 538 673 575 antecessorum.
744 536 801 575 Et
831 538 882 575 ut
912 533 1002 574 haec
1043 534 1216 574 donatio
1256 538 1402 574 nostra
1441 538 1533 574 rata
1573 535 1618 574 in
1651 539 1873 589 posterum

338 601 651 652 perseveretur,
674 597 782 638 hanc
799 598 1076 639 donationem
1096 602 1286 638 nostram
1305 598 1436 653 sigilli
1450 600 1585 638 nostri
1605 600 1872 653 appositione

338 663 643 703 roboravimus,
706 662 788 702 His
811 662 1014 703 testibus.
1048 661 1245 715 Capitulo
1269 662 1414 703 Sancti
1435 662 1624 703 Wilfridi
1645 663 1698 703 de
1715 663 1871 717 Ripon.

338 726 570 780 Stephano,
608 727 811 782 Hugone,
864 726 1102 777 Gileberm,
1155 726 1384 777 Herberto,
1436 726 1637 778 Roberto,
1689 727 1872 782 Rogero,

335 790 525 831 VValtero
556 790 681 840 ruffo,
720 790 991 844 Capelianis3
1033 790 1224 830 VValtero
1254 790 1435 841 Alania,¹
1478 790 1697 831 willelmo
1727 791 1871 842 Ward,

335 854 554 895 Willelmo
590 854 773 905 Alania,¹
806 855 994 895 Roberto
1035 854 1088 894 de
1132 853 1335 905 Mulwah,
1368 854 1535 909 Rogero
1577 855 1630 894 de
1676 855 1871 906 Nunwic,

336 919 531 959 Galfrido
567 919 620 959 de
658 919 798 969 Bellfi,
830 917 1027 960 Johanne
1063 918 1262 969 Ostiario,
1295 919 1470 959 Nicolao
1505 919 1559 959 de
1597 919 1721 970 Catt’,
1753 920 1870 960 Wal-

333 986 425 1023 tero
457 983 510 1023 de
541 982 737 1033 Nunwic,
769 983 957 1023 Roberto
988 983 1041 1023 de
1073 982 1331 1033 Munketon,
1362 983 1581 1023 Willelmo
1612 983 1665 1023 de
1698 982 1870 1034 Biham,

333 1048 425 1087 Ada
447 1046 507 1087 fil.
539 1046 720 1097 Nicolai,
744 1047 918 1087 Simone
941 1047 1000 1087 fil.
1034 1047 1205 1101 Rogeri,
1228 1047 1362 1087 Alano
1385 1046 1540 1088 Carnis.

333 1174 399 1209 XI.
427 1173 756 1209 INDULGENCE
790 1175 889 1210 FOR
922 1175 1026 1209 THE
1056 1174 1375 1209 REBUILDING
1409 1175 1471 1209 OF
1504 1175 1607 1209 THE
1640 1142 1868 1210 OHURZJH.

860 1245 1005 1289 (RIPON
1031 1244 1216 1279 CHAPTER
1240 1244 1336 1287 MS.)

422 1317 671 1372 Capitulum
725 1318 870 1358 Sancti
912 1317 1101 1357 Wilfridi
1146 1318 1347 1371 Ripensis
1400 1318 1617 1369 Ecclesiae,
1668 1317 1868 1358 omnibus

334 1386 490 1422 sanctae
530 1382 679 1422 matris
712 1382 904 1422 ecclesiae
935 1382 1035 1422 filiis
1076 1382 1130 1421 ad
1170 1395 1276 1435 quos
1319 1383 1414 1421 istae
1456 1381 1613 1421 litterae
1656 1382 1869 1432 venerint,

334 1446 531 1486 salutem.
607 1446 789 1485 Minime
842 1446 975 1486 lateat
1025 1446 1342 1500 benignitatem
1383 1449 1584 1495 vestram,
1626 1444 1869 1485 inchoatam

332 1510 711 1550 reaedificacionem
753 1509 944 1549 ecclesiae
986 1510 1101 1550 beati
1147 1509 1351 1560 Wilfridi,
1400 1509 1616 1564 suffragiis
1660 1510 1868 1550 bonorum

332 1574 704 1628 quamplurimum
737 1574 949 1628 indigere,
985 1577 1030 1613 et
1065 1573 1117 1613 ad
1148 1573 1315 1614 tardam
1348 1586 1475 1627 posse
1508 1574 1733 1626 pervenire
1768 1587 1868 1613 con-

335 1638 685 1687 summacionem,
722 1638 809 1677 nisi
843 1638 991 1678 fideles
1027 1637 1155 1677 electi
1185 1638 1266 1678 Dei
1304 1651 1399 1677 eam
1434 1637 1557 1677 oculo
1589 1637 1764 1691 pietatis
1800 1651 1868 1677 re-

334 1703 529 1756 spiciant.
591 1702 706 1741 Hinc
736 1705 805 1742 est
832 1702 945 1756 quod
975 1702 1156 1741 nuncios
1182 1706 1367 1752 nostros,
1394 1703 1678 1755 praesencium
1710 1701 1867 1742 latores

331 1767 592 1818 litterarum,
620 1766 673 1806 ad
709 1764 1006 1806 humilitatem
1028 1769 1216 1806 vestram
1248 1767 1482 1817 mittimus,
1511 1769 1733 1819 precantes
1765 1780 1869 1819 qua-

333 1835 464 1871 tenus
486 1844 629 1871 amore
651 1831 731 1870 Dei
754 1834 800 1871 et
832 1830 978 1871 Sancti
1000 1830 1189 1870 Wilfridi
1221 1844 1291 1870 eos
1323 1830 1510 1885 benigne
1539 1830 1801 1883 suscipiatis,
1824 1833 1868 1870 et

333 1896 380 1935 in
410 1898 534 1935 tanto
563 1895 744 1949 negocio
775 1895 837 1935 eis
869 1895 1064 1946 valeatis,
1097 1897 1142 1934 et
1172 1894 1438 1947 coadjutores
1469 1894 1700 1945 assistatis,
1731 1898 1780 1934 ut
1822 1895 1867 1933 in

334 1960 528 2013 partibus
551 1960 707 1999 vestris
730 1958 893 2012 aliquid
920 1959 1021 1999 boni
1046 1959 1099 1999 ad
1121 1958 1341 2012 praefatam
1362 1958 1585 1998 ecclesiam
1607 1958 1868 1998 reaedifican-

333 2025 432 2064 dam
453 2023 624 2063 valeant
645 2023 878 2076 acquirere,
901 2026 946 2062 et
977 2036 1053 2076 pro
1084 2023 1208 2063 bonis
1239 2036 1265 2063 a
1295 2022 1414 2062 vobis
1446 2023 1508 2062 eis
1530 2022 1711 2072 collatis,
1733 2022 1870 2075 preci-

334 2089 414 2128 bus
446 2087 645 2128 omnibus
677 2087 723 2126 in
755 2087 906 2127 eadem
938 2086 1118 2126 ecclesia
1154 2086 1279 2127 factis
1316 2087 1569 2126 mereamini
1599 2087 1868 2140 participare.

336 2152 497 2193 Omnes
521 2151 638 2191 enim
660 2151 736 2203 qui
766 2151 904 2203 operis
934 2150 1120 2203 praefatae
1152 2150 1343 2190 ecclesiae
1374 2149 1600 2203 adjutores.
1626 2150 1868 2200 extiterint,

335 2220 382 2256 et
413 2216 554 2256 eidem
578 2228 676 2254 suas
709 2213 967 2254 elemosinas
999 2214 1319 2265 transtulerint,
1341 2214 1534 2253 omnium
1556 2214 1800 2253 oracionum
1823 2217 1868 2253 et

336 2293 513 2334 precum
544 2292 638 2332 quae
670 2278 715 2317 in
749 2278 897 2317 eadem
930 2278 1049 2328 fient,
1073 2291 1117 2317 se
1149 2278 1379 2331 participes
1411 2277 1503 2316 fieri
1534 2277 1800 2331 gaudebunt,
1823 2281 1868 2316 et

336 2358 412 2398 pro
433 2343 598 2383 eisdem
619 2343 729 2382 vivis
756 2342 801 2381 in
833 2355 882 2381 ea
903 2345 1110 2395 perpetuo
1141 2354 1395 2394 unaquaque
1427 2341 1496 2380 die
1518 2340 1760 2380 cantabitur
1782 2354 1867 2380 una

338 2409 485 2458 missa,
517 2411 561 2446 et
594 2410 693 2459 post
721 2407 870 2456 vitam,
900 2406 1124 2445 animabus
1157 2419 1305 2445 eorum
1336 2409 1381 2444 et
1413 2405 1637 2445 animabus
1671 2405 1865 2444 omnium

338 2477 568 2528 parentum
592 2485 766 2511 suorum
788 2471 869 2510 alia
895 2471 1028 2510 missa
1057 2470 1356 2521 celebrabitur,
1377 2471 1422 2509 in
1445 2470 1707 2510 relaxacione
1729 2470 1866 2523 poeni-

339 2537 491 2576 tenciae
512 2549 606 2589 quae
627 2535 672 2574 in
693 2534 833 2574 literis
855 2535 975 2574 bonae
997 2535 1212 2574 memoriae
1235 2534 1390 2588 Rogeri
1413 2533 1718 2586 archiepiscopi
1739 2533 1866 2573 Ebor.

339 2601 598 2649 continetur,
620 2598 877 2652 praescriptis
903 2599 1073 2638 nunciis
1102 2612 1126 2638 a
1154 2598 1277 2638 nobis
1299 2598 1555 2647 commissis,
1577 2610 1706 2650 quam
1730 2597 1865 2636 eciam

339 2678 364 2704 a
397 2664 570 2704 domino
604 2662 721 2714 Papa
761 2662 1022 2714 inpetratum
1059 2666 1106 2701 et
1140 2662 1432 2701 confirmatam
1467 2661 1583 2714 operi
1620 2663 1866 2700 memoratae

339 2727 529 2768 ecclesiae
553 2725 763 2766 auxilium
785 2725 1026 2765 ferentibus
1049 2727 1290 2778 acquisivit.
1353 2725 1518 2768 valete..

428 2789 574 2841 Label,
596 2788 671 2830 but
695 2803 753 2829 πο
775 2787 1186 2840 seal.-—Endoo·sed‚
1208 2790 1256 2829 B.
1283 2790 1349 2829 19.

411 2874 466 2914 (1)
495 2872 541 2906 So
576 2872 611 2905 in
645 2871 735 2906 MS..
767 2871 817 2904 for
844 2871 1046 2907 ‘Alamanss
1073 2870 1113 2903 os
1137 2869 1572 2916 Studleys-w(walbu-mss
1601 2868 1806 2911 Fozwtrm’ns,
1834 2868 1863 2901 Ι.

338 2932 417 2971 part
436 2925 472 2959 ii.
491 2937 524 2970 p.
545 2925 643 2968 2311.)
