1915 3068
86 405 154 425 ΑΗῘ)
171 397 238 426 709.

88 452 128 481 W
133 452 246 481 ilfrith'
249 461 262 482 s

87 492 182 520 death
199 494 232 520 at

87 530 221 569 Ouudle,

88 719 151 747 and
168 718 271 747 buria]

87 763 120 787 at
137 758 247 795 Ripon,

84 1140 144 1168 11is

84 1180 223 1218 epitaph.

79 2585 146 2606 ΛΑ),
163 2577 230 2606 709.

81 2633 225 2661 wilfrith

79 2673 232 2701 isl>uried

80 2714 114 2740 at
131 2711 242 2749 Ripon.

803 163 1078 197 MEMORIALS
1113 165 1173 198 OF
1208 164 1366 198 RIPON.

835 306 966 351 BAEDA,
985 307 1080 342 Hist.
1099 308 1194 343 Eccl.
1213 318 1247 342 v.
1266 307 1340 343 xix.

410 388 605 428 Antistes
626 389 809 429 eximius
830 390 1002 440 Vilfrid,
1023 394 1122 443 post
1142 391 1425 444 quadraginta
1447 394 1492 430 et
1512 390 1702 462 quinque
1720 404 1854 430 annos

321 453 489 506 accepti
527 454 810 506 episcopatus,
832 454 948 494 diem
979 455 1133 495 clausit
1165 458 1406 495 extremum
1436 455 1482 493 in
1514 455 1729 507 provincia
1759 469 1853 508 quae

323 521 499 556 vocatur
521 517 815 558 Inundalum:
848 532 1086 572 corpusque
1119 519 1212 573 ejus
1242 519 1380 558 loculo
1411 519 1615 569 inditum,
1637 518 1854 572 perlatum

324 586 388 621 est
422 581 468 620 in
499 582 810 621 monasterium
842 582 990 635 ipsius,
1023 583 1136 636 quod
1168 583 1328 623 dicitur
1360 581 1613 636 Inhrypum‚
1647 585 1689 622 et
1726 582 1850 635 juxta

322 643 530 685 honorem
561 649 684 685 tanto
714 646 909 699 pontifici
943 660 1195 700 congruum,
1227 648 1273 686 in
1305 647 1481 687 ecclesia
1512 647 1627 687 beati
1659 647 1853 700 Apostoli

322 709 443 749 Petri
466 710 713 762 sepultum.¹
749 740 759 749 .
793 740 803 750 .
837 740 847 749 .
909 710 1153 750 Defunctus
1176 715 1239 751 est
1263 714 1410 750 autem
1432 711 1478 750 in
1499 711 1759 750 monasterio
1777 724 1853 750 suo

322 773 434 827 quod
472 772 659 813 habebat
691 774 736 813 in
771 775 989 827 provincia
1021 775 1239 815 Vndalum
1275 775 1353 815 sub
1389 775 1599 828 regimine
1642 774 1854 815 Cudualdi

321 837 528 886 Abbatis3
577 840 622 877 et
661 838 904 878 ministerio
945 837 1128 878 fratrum
1169 839 1360 892 perlatus
1410 839 1455 878 in
1497 839 1685 892 primum
1727 852 1852 878 suum

320 902 630 941 monasterium
666 902 780 955 quod
814 905 989 942 vocatur
1022 902 1276 956 Inhrypum,
1307 903 1472 956 positus
1505 906 1570 942 est
1600 903 1647 943 in
1677 903 1854 943 ecclesia

320 966 437 1006 beati
479 966 672 1019 Apostoli
715 966 849 1016 Petri,
885 966 1013 1020 juxta
1053 967 1185 1007 altare
1217 968 1270 1007 ad
1303 971 1514 1016 austrum,
1548 970 1599 1006 ut
1640 970 1685 1007 et
1726 981 1853 1020 supra

319 1031 569 1071 docuimus·
558 1061 569 1079 ,
603 1034 649 1070 et
669 1029 748 1070 hoc
770 1031 822 1070 de
845 1031 919 1071 illo
942 1045 1068 1084 supra
1090 1030 1360 1085 epitaphium
1382 1032 1602 1084 scriptum.

497 1132 710 1173 Uilfridus
731 1132 801 1172 hic
822 1146 1004 1186 magnus
1027 1147 1197 1187 corpore
1220 1133 1389 1186 praesul,

498 1197 622 1236 Hanc
644 1197 828 1236 Domino
849 1198 924 1250 qui
945 1197 1088 1237 aulam
1110 1197 1266 1237 ductus
1288 1197 1463 1251 pietatis
1486 1211 1628 1237 amore

497 1261 634 1310 Fecit,
658 1264 702 1301 et
724 1261 879 1301 eximio
904 1262 1084 1301 sacravit
1105 1262 1280 1301 nomine
1302 1262 1436 1311 Petri,

497 1324 575 1366 Cui
596 1325 735 1365 claves
757 1326 851 1365 coeli
875 1324 1069 1366 Christus
1092 1326 1213 1365 dedit
1234 1326 1392 1366 arbiter
1413 1325 1526 1365 orbis
1544 1340 1555 1374 ;

497 1390 640 1442 Atque
662 1403 766 1429 auro
787 1403 835 1428 ac
856 1389 983 1442 Tyrio
1006 1390 1187 1429 devotus
1209 1390 1358 1429 vestiit
1379 1393 1508 1429 ostro.

499 1453 613 1501 Quin
636 1454 768 1493 etiam
791 1453 976 1493 sublime
998 1454 1133 1493 crucis
1156 1454 1350 1493 radiante
1372 1453 1562 1503 metallo,

494 1518 579 1557 Hic
600 1518 747 1570 posuit
767 1516 1023 1570 trophaeum,
1045 1531 1215 1557 necnon
1237 1521 1280 1557 et
1304 1521 1509 1571 quattuor
1529 1531 1633 1557 auro

496 1581 632 1623 Scribi
655 1581 883 1635 Evangelii
904 1583 1107 1635 praecepit
1128 1583 1173 1621 in
1196 1582 1342 1622 ordine
1363 1582 1518 1631 libros3

495 1647 555 1686 Ac
577 1644 749 1686 thecam
771 1659 794 1685 e
816 1646 947 1685 rutilo
969 1644 1035 1685 his
1056 1646 1314 1700 condignam
1337 1646 1531 1686 condidit
1552 1659 1654 1685 auro
1672 1661 1682 1686 ε

495 1709 713 1750 Paschalis
735 1710 808 1763 qui
831 1710 960 1749 etiam
986 1709 1207 1750 sollemnia
1226 1713 1424 1763 tempora
1444 1723 1592 1749 cursus

495 1773 700 1814 Catholici
724 1773 777 1813 ad
793 1773 965 1826 justum
987 1774 1170 1814 correxit
1191 1774 1346 1827 dogma
1367 1774 1553 1823 canonis,

495 1838 633 1886 Quem
658 1840 847 1877 statuere
869 1840 1027 1890 patres,
1049 1837 1263 1891 dubioque
1287 1850 1426 1877 errore
1446 1839 1612 1877 remoto

494 1901 620 1942 Certa
642 1915 727 1941 suae
748 1902 870 1955 genti
892 1902 1082 1941 ostendit
1102 1901 1395 1941 moderamina
1415 1901 1550 1941 ritus:

493 1966 632 2018 Inque
654 1965 755 2004 locis
778 1965 871 2004 istis
893 1964 1197 2005 monachorum
1219 1965 1415 2004 examina
1435 1964 1582 2004 crebra

493 2029 683 2083 Colligit,
706 2042 752 2068 ac
774 2030 952 2069 monitis
974 2030 1087 2069 cavit
1109 2043 1203 2083 quae
1224 2029 1374 2083 regula
1394 2032 1567 2081 patrum

495 2093 680 2134 Sedulus
702 2094 925 2133 instituit:
958 2093 1196 2147 multisque
1218 2093 1420 2146 domique
1441 2092 1629 2146 forisque

493 2158 521 2198 J
524 2161 692 2197 actatus
714 2158 899 2196 nimium
921 2171 995 2210 per
1019 2161 1211 2210 tempora
1231 2157 1359 2210 longa
1380 2156 1565 2209 periclis,

493 2221 751 2270 Quindecies
772 2224 916 2261 ternos
937 2225 1165 2274 postquam
1187 2221 1279 2274 egit
1302 2221 1523 2273 episcopus
1546 2233 1695 2271 annos,

491 2287 697 2335 Transiit,
719 2288 764 2325 et
784 2285 978 2339 gaudens
1000 2285 1190 2325 coelestia
1212 2298 1343 2339 regna
1364 2284 1535 2337 petivit.

492 2350 628 2400 Dona,
651 2349 677 2389 J
681 2363 770 2399 esu,
792 2352 843 2388 ut
863 2362 967 2402 grex
988 2349 1169 2402 pastoris
1192 2347 1296 2388 calle
1319 2350 1535 2401 sequatur.

952 2482 1128 2526 EADMER,
1145 2482 1207 2518 liv.

404 2564 608 2618 Sepultus
632 2577 729 2603 sane
754 2566 819 2604 est
840 2564 885 2603 in
907 2564 1166 2603 monasterio
1181 2577 1270 2614 suo,
1288 2563 1401 2617 quod
1415 2564 1599 2616 ipsemet
1616 2564 1662 2602 in
1685 2563 1846 2616 Ripum

312 2644 336 2669 a
386 2629 682 2668 fundamentis
734 2628 942 2678 instituit,
985 2641 1031 2667 ac
1083 2628 1173 2667 Deo
1214 2628 1260 2667 in
1302 2626 1509 2667 honorem
1560 2627 1685 2667 Beati
1725 2627 1846 2667 Petri

313 2692 614 2746 Apostolorum
636 2692 841 2744 principis
863 2692 1123 2731 consecravit
1140 2706 1150 2739 3
1182 2691 1258 2731 ubi
1279 2694 1330 2731 ut
1353 2704 1395 2730 se
1417 2703 1689 2743 nequaquam
1712 2691 1846 2729 vitam

312 2757 562 2811 perdidisse,
599 2757 672 2796 sed
708 2757 754 2795 in
782 2756 938 2795 melius
969 2759 1158 2795 mutasse
1180 2755 1433 2795 mortalibus
1465 2754 1640 2808 probet:
1673 2768 1768 2808 quae
1798 2755 1845 2793 in

385 2868 441 2910 (1)
470 2867 567 2901 Here
586 2866 698 2901 Baeda
715 2866 812 2912 gives
831 2877 852 2900 a
877 2877 1059 2912 summai-y
1077 2866 1117 2900 of
1137 2866 1199 2900 the
1216 2872 1341 2901 events
1365 2866 1406 2901 of
1420 2865 1618 2901 Wilsritfh's
1636 2866 1752 2901 whole
1769 2865 1844 2908 life,

310 2919 444 2965 ending
463 2919 551 2953 with
570 2918 814 2962 ‘Defunctum'
833 2924 899 2954 etc.
921 2930 958 2953 as
975 2918 1060 2953 here
1078 2918 1233 2965 printed.
