1935 3151
614 161 840 195 ORIGINAL
877 161 1165 196 DOCUMENTS.

815 305 990 351 (Lxxl.)

217 398 361 439 Sciant
395 401 627 452 praesentes
661 401 705 437 et
741 397 877 437 futuri
911 397 1025 451 quod
1062 411 1138 438 nos
1172 396 1388 438 Johannes
1421 396 1474 436 de
1509 395 1662 448 Clynte

127 463 282 512 senior,
315 466 360 502 et
392 462 605 502 Robertus
637 462 690 502 de
722 462 922 512 Dumsm,
944 461 997 502 de
1021 462 1186 516 Ripon',
1203 461 1429 515 capellani,
1451 461 1663 510 dedimus,

126 527 428 576 concessimus,
451 530 496 566 et
516 525 593 566 hac
614 526 815 579 praesenti
829 530 946 566 carta
959 530 1104 566 nostra
1117 526 1476 575 confirmavimus,
1491 525 1664 565 domino

126 590 307 630 Ricardo
338 590 392 630 de
415 589 653 640 Wakefeld,
686 589 874 630 Johanni
905 590 958 630 de
990 589 1120 644 Clynt
1145 590 1322 644 juniori,
1352 590 1539 630 Roberto
1562 589 1656 628 Bas—

125 653 274 704 thane,
296 653 484 694 Johanni
506 654 559 693 de
582 654 845 708 Bondegate,
867 653 1056 695 ‚Iohanni
1078 656 1130 694 de
1153 653 1384 704 Fullforth‚
1407 657 1451 694 et
1472 652 1662 694 Johanni

124 719 176 759 de
207 720 301 773 Ely,
334 720 500 759 vicariis
533 719 722 759 ecclesiae
759 719 995 773 collegiatae
1025 720 1191 772 Rip0n'‚
1220 733 1356 759 unum
1389 719 1661 772 mesuagium

123 798 222 823 cum
256 785 344 823 suis
377 784 671 837 pertinenciis,
697 784 845 836 jacens
872 785 917 823 in
944 784 1097 837 Ripon’
1129 785 1172 823 in
1206 786 1450 837 Annesgate
1475 797 1602 835 super
1624 782 1662 823 le

125 847 304 896 Corner,
319 847 446 901 juxta
464 849 732 901 mesuagium
750 847 960 888 „Iohannis
983 848 1035 887 de
1058 848 1276 888 Tanfelde.
1340 847 1600 888 Habendum
1615 851 1661 887 et

122 912 360 951 tenendum
392 912 644 964 praedictum
686 913 954 966 mesuagium
997 927 1095 952 cum
1133 913 1330 952 omnibus
1365 912 1659 966 pertinenciis,

153 976 276 1016 refat.

122 990 149 1029 p
261 1038 398 1095 [Here
421 1040 526 1080 ends
549 1039 625 1080 the
647 1040 865 1094 fragment
886 1040 933 1080 of
951 1039 1025 1081 the
1047 1040 1205 1081 Vicars'
1227 1037 1524 1094 Ressisffrum]

673 1364 749 1405 IV.
784 1364 1100 1406 STANWICK.

115 1474 274 1510 LXXlI.
312 1476 488 1511 GRANT
521 1476 583 1511 OF
616 1477 756 1511 LAND
795 1476 849 1511 IN
890 1476 1167 1511 BARFORTII
1201 1476 1262 1511 TO
1296 1475 1399 1510 THE
1433 1476 1648 1512 CIIURCH

699 1535 762 1570 OF
796 1535 1080 1571 STANWIOK.

646 1617 790 1659 (RIPON
816 1616 1000 1651 CHAPTER
1022 1616 1119 1661 MS.)

203 1697 414 1739 Omnibus
456 1697 615 1740 Christi
667 1699 866 1739 fidelibus
907 1712 1093 1752 praesens
1136 1699 1343 1751 scriptum
1385 1698 1539 1737 visuris
1581 1699 1647 1738 vel

113 1762 338 1812 audituris,
360 1762 605 1802 willelmus
637 1763 690 1803 de
722 1761 948 1802 Barnehou
979 1762 1110 1802 frater
1131 1762 1337 1802 Waldefti
1368 1762 1421 1802 de
1455 1762 1647 1812 Berford,

113 1826 298 1866 salutem
320 1827 365 1865 in
387 1826 586 1867 Domino.
648 1827 828 1867 Noverit
860 1827 1117 1867 universitas
1139 1831 1280 1866 vestra
1310 1840 1379 1866 me
1411 1840 1486 1880 pro
1509 1827 1645 1867 salute

109 1890 262 1930 animae
284 1904 390 1930 meae
413 1895 455 1930 et
478 1895 794 1931 antecessorum
816 1905 1023 1941 meorum,
1046 1894 1091 1930 et
1112 1891 1353 1944 specialiter
1373 1904 1448 1944 pro
1469 1891 1646 1931 decimis

109 1955 218 1994 meis
251 1968 337 1995 non
373 1955 485 1994 datis
518 1956 584 1995 vel
616 1956 726 1995 male
758 1956 884 2005 datis,
916 1956 1082 1995 dedisse
1111 1959 1154 1995 et
1185 1956 1456 2005 concessisse,
1489 1959 1534 1995 et
1565 1954 1645 1995 hac

109 2019 309 2070 praesenti
329 2022 445 2059 carta
467 2033 562 2059 mea
583 2019 868 2070 confirmasse,
891 2020 995 2069 Deo,
1013 2020 1148 2059 Beato
1169 2019 1197 2059 J
1199 2018 1372 2069 ohanni,
1390 2023 1435 2059 et
1455 2019 1645 2059 ecclesiae

109 2083 161 2122 de
180 2083 392 2138 Stanweg,
414 2098 513 2123 cum
536 2098 706 2137 corpore
727 2098 838 2134 meo,
860 2085 1049 2137 quinque
1071 2084 1193 2123 rodas
1214 2087 1338 2123 terrae
1354 2087 1398 2123 et·
1419 2084 1642 2123 dimidiam

108 2146 153 2185 in
183 2148 397 2187 territorio
426 2148 478 2187 de
512 2147 703 2198 Berford,
736 2149 779 2187 in
813 2162 961 2201 puram
988 2152 1029 2188 et
1061 2152 1309 2201 perpetuam
1349 2148 1642 2197 elemosinam,

109 2210 263 2251 liberas
285 2215 329 2251 et
360 2213 527 2265 quietas
558 2212 611 2253 ab
643 2213 760 2252 omni
793 2213 983 2253 saeculari
1017 2213 1192 2253 servicio
1223 2216 1267 2251 et
1299 2212 1521 2262 demanda,
1543 2227 1641 2252 cum

109 2275 307 2315 omnibus
348 2277 639 2329 pertinenciiS‚
673 2278 936 2327 asiamentis,
972 2277 1080 2316 infra
1119 2277 1264 2316 villam
1301 2281 1345 2315 et
1381 2280 1513 2327 extra,
1552 2277 1643 2317 sine

108 2339 251 2392 aliquo
289 2341 600 2389 retinemento3
643 2341 818 2390 scilicet,
855 2355 984 2381 unam
1021 2341 1167 2381 rodam
1204 2341 1248 2379 in
1284 2340 1367 2380 fine
1400 2340 1522 2380 crofti
1556 2342 1642 2381 mei

109 2416 254 2443 versus
287 2404 553 2445 occidentem
589 2405 715 2458 juxta
747 2406 954 2445 fossatum
988 2419 1130 2454 morae,
1164 2405 1457 2444 continentem
1491 2405 1639 2445 decem

108 2467 291 2519 perticas
333 2468 379 2507 in
410 2468 682 2522 longitudine
724 2472 767 2509 et
801 2473 984 2522 quatuor
1016 2470 1199 2522 perticas
1232 2469 1276 2507 in
1313 2469 1558 2519 latitudine,
1596 2474 1641 2508 et

107 2531 329 2571 dimidiam
371 2546 510 2572 acram
551 2534 604 2572 ad
647 2534 745 2572 Lair
778 2534 987 2587 Hovgate,
1021 2537 1067 2573 et
1097 2547 1228 2572 unam
1260 2533 1405 2572 rodam
1437 2534 1490 2572 ad
1529 2533 1637 2572 Har-

107 2593 265 2645 hovsti,
291 2600 333 2635 et
367 2610 496 2635 unam
528 2597 673 2636 rodam
705 2597 758 2636 ad
789 2596 1065 2647 Tofthendes,
1088 2601 1129 2636 et
1163 2597 1386 2636 dimidiam
1418 2597 1563 2636 rodam
1585 2598 1638 2636 ad

108 2658 353 2712 Byrpynsti.
415 2661 508 2715 Ego
546 2664 693 2700 autem
743 2665 784 2700 et
828 2660 1018 2701 haeredes
1060 2662 1145 2701 mei
1187 2661 1435 2713 praedictam
1478 2665 1635 2700 terram

107 2723 318 2773 praedictae
340 2724 526 2764 ecclesiae
548 2724 829 2764 defendemus
851 2725 904 2765 ab
926 2726 1040 2764 omni
1065 2726 1240 2765 servicio
1263 2729 1303 2764 et
1328 2728 1471 2763 contra
1489 2738 1637 2764 omnes

108 2785 302 2827 homines
352 2789 719 2829 warantizabimus
770 2790 815 2829 in
867 2794 1139 2843 perpetuum.
1202 2790 1254 2828 Et
1297 2793 1344 2828 ut
1389 2788 1634 2841 hujusmodi

107 2850 282 2890 donacio
302 2856 393 2892 rata.
413 2856 455 2893 et
479 2853 644 2893 stabilis
666 2860 904 2906 perseveret
930 2855 972 2893 in
1007 2858 1276 2907 perpetuum,
1299 2867 1484 2906 przesens
1507 2853 1636 2906 Scrip-

1803 148 1892 196 151

1699 400 1763 429 Tho
1779 402 1878 432 above

1699 444 1761 469 two
1777 442 1871 479 chap-

1699 479 1778 508 lains
1801 486 1898 517 grant

1699 520 1751 548 the
1767 521 1864 549 above

1699 560 1730 586 to
1747 560 1798 587 the
1814 560 1865 589 six

1699 598 1811 629 vicars.

1685 1710 1772 1740 will.
1789 1713 1826 1741 de

1684 1750 1851 1780 Barnehou

1683 1794 1714 1818 to
1730 1792 1858 1820 (Ὶιυτοίι

1681 1829 1715 1857 of
1728 1829 1819 1859 Stan-

1680 1869 1772 1898 wick.

1677 2093 1722 2123 TO
1738 2095 1774 2123 be

1679 2133 1788 2163 buried
1806 2138 1839 2163 at

1679 2174 1851 2204 Stauwick.
