1935 3151
77 150 173 197 218
791 165 1068 202 MmiomALs
1104 167 1161 202 OF
1197 167 1355 202 RIPON.

311 275 601 330 subportanda
620 279 786 320 dictum
807 278 1018 332 hospitale
1039 282 1230 331 tenetur,
1251 280 1403 319 dicunt
1424 278 1536 332 quod
1557 279 1684 320 dictae
1704 282 1844 332 terrae,

308 343 574 393 tenementa,
614 344 823 392 redditus,
864 344 1007 396 porcio
1047 344 1323 393 decimarum,
1361 346 1406 382 θῖ
1437 342 1521 382 alia
1562 357 1689 396 supra
1729 344 1846 384 dicta

308 405 462 444 collata
483 406 662 447 fuerunt
682 407 798 447 dicto
818 405 1021 459 hospitali
1052 407 1204 460 primo,
1226 407 1396 460 quando
1426 407 1574 460 patriae
1595 408 1845 461 propinquae

302 467 429 521 juxta
442 469 781 523 Ripon’fuerunt
794 470 978 520 forestae,
988 471 1041 510 ad
1055 469 1363 524 hospitandum
1376 483 1586 524 pauperes
1599 472 1846 525 peregrinos

307 532 482 573 ibidem.
544 535 602 574 Et
632 538 794 587 postea,
823 534 995 587 quando
1016 535 1164 587 patriae
1195 535 1408 588 praedictae
1429 534 1607 574 fuerunt
1627 539 1845 575 assartatae

310 601 356 637 et
378 599 610 650 aedificatae,
632 600 685 639 ad
708 599 1014 652 hospitandum
1031 613 1239 653 pauperes
1260 599 1433 639 clericos
1457 599 1586 639 scolas
1604 599 1756 653 Ripon’
1774 614 1846 640 ex-

308 667 541 714 cercentes,
558 663 761 703 videlicet
782 666 965 716 quatuor
985 663 1054 703 vel
1076 664 1281 716 quinque,
1304 666 1349 702 et
1370 663 1761 703 administrandum
1784 665 1846 704 eis

308 726 532 779 potagium
553 726 748 779 quolibet
768 727 852 776 die,
876 730 920 766 et
941 726 1132 779 qualibet
1152 729 1279 766 nocte
1311 726 1458 776 lectos,
1481 729 1526 766 et
1557 726 1738 766 cuilibet
1758 727 1847 767 die-

307 792 453 829 torum
481 790 733 830 clericorum
761 790 826 830 bis
852 791 899 829 in
932 791 1171 843 septimana
1198 803 1336 829 unum
1361 803 1530 843 panem,
1551 790 1667 830 unde
1689 791 1846 845 viginti

310 866 382 892 sex
412 867 545 906 panes
576 854 629 893 de
661 867 748 893 uno
779 853 966 894 bussello
998 853 1208 893 frumenti
1238 857 1446 907 poterunt
1467 853 1574 903 fieri,
1597 857 1642 893 et
1672 855 1726 894 ad
1747 869 1847 894 con-

307 915 533 956 ferendum
555 918 754 957 omnibus
775 917 1036 971 pauperibus
1052 917 1104 957 ad
1121 918 1287 957 dictum
1301 916 1512 970 hospitale
1526 931 1601 970 pro
1615 918 1848 957 elemosina

308 981 497 1032 petenda
525 981 801 1021 venientibus
832 982 1057 1036 potagium
1088 981 1153 1021 bis
1184 981 1231 1020 in
1263 981 1516 1034 septimana,
1538 981 1741 1021 videlicet
1760 995 1847 1021 una

307 1045 399 1084 vice
436 1046 530 1097 pisa
563 1049 607 1085 et
642 1046 725 1085 alia
761 1047 853 1086 vice
887 1046 1014 1085 olera.
1075 1046 1206 1096 Item,
1242 1045 1384 1085 dictus
1420 1049 1562 1085 custos
1595 1059 1683 1085 non
1719 1045 1848 1085 solvit

308 1108 494 1148 decimas
516 1110 747 1163 garbarum
770 1110 824 1150 de
854 1110 980 1149 terris
1002 1109 1219 1162 praedictis
1249 1109 1568 1162 pertinentibus
1601 1109 1655 1149 ad
1676 1123 1846 1149 mesua-

307 1173 430 1226 gium
451 1173 504 1213 de
527 1173 796 1224 Havercroft,
818 1187 898 1213 nec
920 1174 972 1213 de
995 1176 1117 1227 prato
1138 1173 1279 1213 eidem
1295 1173 1525 1226 adjacenti,
1546 1186 1625 1213 nec
1639 1173 1691 1213 de
1705 1173 1845 1213 tribus

308 1237 415 1276 acris
449 1241 573 1278 terrae
606 1239 720 1291 apud
758 1237 897 1279 South
932 1237 1160 1291 Allerwyk.
1222 1238 1338 1277 Item
1372 1238 1524 1278 dicunt
1557 1237 1670 1290 quod
1704 1238 1846 1277 dictus

308 1305 451 1340 custos
484 1303 572 1341 sive
603 1302 825 1357 magister,
846 1316 925 1342 nec
948 1302 1183 1341 servientes
1214 1302 1280 1341 sm·
1306 1301 1479 1341 solvunt
1507 1301 1757 1352 multuram,
1781 1304 1847 1341 set

309 1364 480 1404 molunt
500 1365 633 1405 libere
665 1366 717 1405 ad
738 1366 1036 1405 molendinum
1067 1365 1182 1418 quod
1208 1365 1366 1405 dicitur
1398 1364 1658 1418 Bisshopton
1690 1365 1844 1405 Milne.

309 1427 440 1479 Item,
462 1442 549 1468 non
571 1432 637 1468 est
659 1429 813 1482 aliquis
834 1429 965 1469 frater
992 1443 1068 1469 seu
1094 1442 1207 1468 soror
1238 1429 1286 1468 in
1311 1429 1426 1469 dicto
1451 1428 1668 1482 hospitali.
1729 1429 1846 1477 Item

309 1491 462 1531 dicunt
493 1493 605 1545 quod
637 1493 834 1532 custodes
865 1493 971 1532 dicti
1001 1492 1226 1545 hospitalis
1258 1493 1333 1545 qui
1363 1506 1440 1545 pro
1466 1495 1658 1545 tempore
1679 1492 1844 1532 fuerint

314 1555 505 1595 solebant
540 1555 730 1595 conferre
767 1556 947 1595 cuilibet
983 1556 1161 1609 pauperi
1198 1556 1392 1595 venienti
1428 1556 1474 1595 in
1506 1556 1700 1608 quolibet
1730 1555 1842 1595 festo

311 1618 353 1658 N
355 1620 563 1659 ativitatis
594 1620 719 1659 Beati
750 1619 777 1659 J
781 1618 959 1659 ohannis
989 1619 1212 1673 Baptistae,
1235 1623 1398 1659 certam
1420 1620 1665 1672 porcionem
1687 1619 1846 1659 elemo-

311 1683 429 1733 sinae,
452 1683 652 1723 videlicet
672 1684 794 1736 panis
817 1697 893 1723 seu
913 1683 1077 1733 farinae,
1099 1697 1194 1736 quae
1216 1683 1450 1722 elemosina
1463 1682 1549 1722 fuit
1564 1686 1609 1722 et
1622 1686 1689 1722 est
1707 1683 1845 1723 soluta

309 1760 386 1799 per
417 1747 638 1787 custodem
669 1760 784 1786 nunc
817 1747 1078 1787 existentem
1103 1750 1197 1786 toto
1218 1749 1411 1799 tempore
1434 1759 1524 1797 suo,
1545 1746 1748 1786 videlicet
1769 1760 1845 1799 per

310 1811 548 1850 triennium
570 1811 762 1864 proximo
784 1810 990 1863 elapsum.
1053 1811 1181 1860 Item,
1199 1810 1304 1849 dicti
1326 1810 1524 1849 custodes
1544 1810 1630 1849 sive
1647 1810 1845 1864 magistri

310 1875 385 1926 qui
405 1888 480 1927 pro
501 1879 695 1928 tempore
716 1874 880 1914 fuerint
900 1878 944 1914 et
966 1875 1056 1927 ipse
1078 1875 1152 1927 qui
1169 1887 1284 1913 nunc
1307 1876 1387 1923 est,
1401 1873 1678 1923 tenebantur,
1696 1874 1845 1927 etipse

309 1941 484 1977 tenetur
506 1939 580 1991 qui
611 1951 726 1977 nunc
759 1942 839 1992 est,
861 1939 1054 1978 invenire
1086 1951 1224 1977 unum
1254 1937 1523 1990 capellanum
1554 1937 1846 1978 celebrantem

311 2001 469 2040 Divina
501 2002 545 2041 in
583 2002 698 2041 dicto
731 2000 946 2055 hospitali,
980 2005 1025 2041 et
1049 2001 1211 2054 capella
1240 2000 1434 2054 ejusdem
1465 2000 1662 2040 dedicata
1697 2004 1777 2051 est,
1800 2004 1846 2041 et

310 2066 514 2118 magister
541 2065 645 2105 dicti
667 2064 905 2118 hospitalis,
927 2066 1001 2119 qui
1028 2065 1183 2104 ultimo
1215 2065 1301 2104 fuit
1325 2068 1427 2104 ante
1452 2064 1594 2117 ipsum
1623 2064 1697 2117 qui
1728 2078 1844 2103 nunc

311 2132 391 2178 est,
415 2129 609 2182 sepultus
631 2129 716 2168 fuit
735 2130 777 2168 in
803 2130 966 2169 eadem,
1029 2129 1144 2168 Item
1175 2129 1328 2168 dicunt
1359 2128 1471 2181 quod
1493 2141 1699 2181 pauperes
1721 2142 1844 2180 pere-

310 2193 425 2246 grini
452 2197 496 2233 et
527 2193 671 2233 clerici
702 2206 787 2232 non
820 2191 1094 2245 hospitantur
1124 2192 1286 2231 ibidem
1317 2195 1510 2244 tempore
1542 2192 1737 2246 magistri
1769 2192 1844 2245 qui

310 2269 426 2295 nunc
449 2260 529 2307 est,
551 2270 629 2296 nec
656 2256 841 2296 contulit
874 2256 1002 2295 dictis
1032 2255 1291 2308 pauperibus
1323 2255 1547 2308 potagium
1580 2268 1653 2294 seu
1685 2255 1844 2295 elemo-

312 2320 448 2359 sinam
470 2324 664 2373 tempore
687 2333 777 2370 suo,
794 2318 874 2359 hoc
896 2323 1088 2372 excepto,
1106 2319 1216 2371 quod
1239 2318 1469 2371 aliquando
1492 2332 1628 2357 unum
1650 2318 1844 2357 denaria-

310 2387 404 2421 tmn
421 2384 556 2435 panis,
571 2384 799 2437 aliquando
814 2384 918 2422 duos
932 2383 1171 2422 denariatos
1186 2383 1306 2435 panis
1326 2381 1513 2420 solvebat
1527 2382 1571 2420 in
1588 2382 1842 2434 septimana,

310 2446 539 2498 aliquando
561 2446 709 2487 nichil.
771 2447 900 2496 Item,
922 2446 1034 2499 quod
1056 2445 1284 2499 aliquando
1316 2448 1382 2484 est
1412 2445 1573 2484 ibidem
1595 2444 1840 2497 capellanus

311 2509 526 2549 celebrans
560 2510 729 2559 Divina,
751 2510 982 2562 aliquando
1009 2523 1108 2549 non.
1171 2510 1285 2548 Item
1316 2509 1468 2548 dicunt
1503 2508 1615 2560 quod
1648 2508 1842 2547 defectus

311 2574 537 2625 praenotati
579 2577 679 2613 sunt
716 2574 761 2612 in
802 2573 917 2612 dicto
958 2573 1146 2612 Roberto
1186 2573 1392 2625 magistro
1427 2570 1663 2624 hospitalis.
1726 2572 1842 2611 Item

312 2637 463 2676 dicunt
485 2637 597 2690 quod
614 2637 727 2690 jura,
748 2637 1048 2689 possessiones,
1071 2639 1116 2675 et
1144 2636 1366 2676 libertates
1387 2636 1503 2675 dicto
1525 2633 1727 2687 hospitali
1747 2648 1844 2687 per-

311 2701 512 2750 tinencia,
546 2714 593 2740 ac
631 2703 824 2739 staurum
857 2700 1024 2749 domus,
1057 2703 1102 2739 et
1136 2700 1220 2739 alia
1249 2699 1442 2752 ejusdem
1474 2697 1710 2751 hospitalis,
1741 2701 1843 2738 sunt

311 2763 420 2802 bene
444 2764 658 2803 custodita
684 2767 729 2803 et
759 2763 943 2813 munita,
966 2767 1010 2802 et
1042 2776 1126 2802 non
1158 2766 1325 2802 vastata
1355 2775 1433 2801 nec
1463 2761 1663 2801 alienata.
1726 2761 1841 2800 Item

312 2826 463 2865 dicunt
496 2827 608 2880 quod
645 2840 825 2880 persona
857 2826 962 2865 dicti
995 2827 1186 2865 custodis
1223 2829 1289 2866 est
1322 2824 1502 2865 honesta
1538 2828 1583 2864 et
1615 2824 1766 2874 soluta,
1796 2827 1841 2864 et

312 2893 538 2942 reputatur
571 2890 692 2930 bonae
727 2890 851 2930 famae
883 2893 925 2930 et
959 2889 1297 2929 conversacionis
1329 2888 1521 2928 honestae
1542 2888 1657 2928 inter
1678 2888 1839 2928 vicinos
