1915 3068
403 108 635 140 EXCERPTS
671 107 800 140 FROM
837 107 1141 150 CHRONICLES,
1180 110 1274 141 ETC.

66 218 118 259 de
136 220 324 273 capitulo
346 233 388 259 se
413 220 651 260 extendunt
676 220 836 260 ibidem
861 224 926 260 est
947 224 1088 260 totum
1111 221 1352 261 dominium
1369 225 1412 261 et
1431 226 1598 262 vastum

66 283 119 323 de
141 284 232 336 ipso
253 284 456 337 capitulo.
518 284 574 323 Et
598 284 671 324 ubi
693 288 815 324 terrae
847 285 1027 338 capituli
1060 289 1161 324 sunt
1195 298 1246 324 ex
1278 299 1364 325 una
1394 291 1531 338 parte,
1554 292 1599 325 et

63 350 187 386 terrae
222 346 529 401 archiepiscopi
565 361 617 387 ex
653 348 788 387 altera
820 352 950 401 partae
988 349 1080 399 viae,
1114 349 1276 389 ibidem
1311 363 1354 388 36
1397 350 1599 389 dividunt

63 410 186 450 feoda
218 412 263 450 in
284 412 426 451 medio
449 412 541 461 viae,
564 425 642 451 1166
666 411 781 451 1616111
802 411 1146 466 archiepiscopus
1169 426 1247 453 nec
1268 413 1597 466 praedecessores

64 475 130 513 sui
153 488 344 528 unquam
373 474 620 515 habuerunt
651 475 816 529 aliquas
848 477 1198 527 consuetudines,
1232 481 1383 527 sectas,
1407 479 1596 527 servicia,

62 540 375 590 praestaciones,
398 553 474 579 seu
495 540 638 592 aliqua
659 540 743 579 alia
767 554 893 593 super
915 541 1090 581 feodum
1113 544 1157 581 et
1178 545 1379 581 tenentes
1408 542 1596 582 ecclesiae

62 606 106 640 et
136 603 331 655 capituli,
362 617 440 643 nec
472 604 525 643 (16
556 597 657 657 jure
691 602 951 654 habuerunt,
985 605 1069 644 nisi
1112 619 1163 644 ex
1200 605 1335 645 libera
1371 605 1595 645 voluntate

60 667 309 706 tenencium
341 667 528 707 ecclesiae
551 671 595 707 et
616 668 796 720 capituli
827 669 1143 721 praedictorum.
1206 670 1264 708 Et
1295 670 1439 709 omnia
1469 673 1595 709 terrae

61 734 105 769 et
135 734 385 771 tenementa
416 745 511 784 quae
541 735 749 771 tenentur
779 733 831 772 de
863 733 1040 773 ecclesia
1072 733 1325 786 simpliciter
1357 738 1401 773 et
1422 734 1594 788 integre

60 798 266 833 tenentur
287 795 339 834 de
367 795 570 848 capitulo,
591 808 669 834 nec
691 795 845 848 aliquis
867 799 1096 837 canonicus
1118 797 1248 837 habet
1267 797 1414 837 sokam
1436 812 1512 851 per
1535 812 1593 848 se,

59 858 160 898 licet
178 859 398 898 redditum
415 859 467 899 de
485 860 663 899 diversis
685 861 950 900 tenementis
974 861 1053 901 sibi
1078 861 1309 911 solvantur,
1326 862 1438 901 sicut
1451 866 1595 902 totum

59 922 299 962 dominium
321 927 365 963 et
387 922 489 977 soka
510 928 554 963 et
586 924 808 963 libertates
838 929 940 964 sunt
973 926 1107 978 ipsius
1139 926 1332 979 capituli.
1395 927 1452 965 Et
1474 930 1595 966 vasta

58 987 104 1026 111
135 988 279 1038 moris,
310 988 515 1038 mariscis,
538 990 673 1041 aquis,
706 992 751 1028 et
782 987 1031 1042 hujusmodi
1062 991 1107 1029 in
1139 990 1292 1043 Rypon
1326 994 1427 1030 sunt
1458 991 1594 1044 ipsius

59 1049 379 1105 archiepiscopi,
413 1051 538 1091 salvis
565 1053 648 1106 ipsi
678 1053 869 1106 capitulo
898 1058 939 1093 et
978 1052 1227 1094 hominibus
1264 1059 1308 1094 et
1340 1055 1592 1095 tenentibus

59 1115 146 1154 suis
169 1117 407 1155 communis
423 1116 510 1155 suis
524 1117 570 1156 in
585 1130 701 1156 more
719 1115 839 1170 (sic),
854 1118 1080 1170 quarreris,
1094 1118 1312 1168 turbariis,
1326 1119 1532 1172 piscariis,
1549 1123 1593 1159 et

57 1179 261 1229 mariscis,
275 1183 320 1219 et
334 1180 561 1230 similibus,
575 1194 675 1220 cum
690 1179 939 1220 hominibus
957 1186 1001 1220 et
1013 1182 1265 1221 tenentibus
1279 1183 1414 1235 ipsius
1428 1181 1592 1224 archie-

56 1243 219 1296 piscopi
252 1247 302 1283 ut
338 1244 659 1297 pertinentibus
695 1245 748 1284 ad
781 1248 1032 1284 tenementa
1070 1260 1146 1285 sua
1182 1260 1277 1299 quae
1303 1250 1509 1286 tenentur
1537 1247 1590 1287 de

57 1307 234 1346 ecclesia
262 1308 479 1360 praedicta,
503 1312 543 1348 et
574 1322 649 1361 pro
671 1322 757 1348 uno
788 1309 913 1348 libito
938 1310 1127 1349 utendis.
1190 1310 1247 1349 Et
1279 1310 1431 1350 dicunt
1464 1324 1591 1364 super

57 1378 373 1411 sacramentum
400 1385 542 1422 suum,
564 1373 678 1425 quod
700 1386 779 1412 nec
801 1373 1041 1426 capitulum
1066 1388 1146 1413 nec
1176 1378 1377 1414 tenentes
1398 1388 1591 1427 unquam

56 1433 233 1474 fuerunt
255 1434 456 1506 impediti
478 1449 554 1475 nec
577 1436 797 1476 molestati
811 1440 957 1476 contra
974 1437 1163 1490 aliquem
1180 1437 1462 1477 articulorum
1484 1453 1592 1491 prae-

55 1498 269 1538 dictorum
273 1500 399 1552 ‚quin
415 1513 582 1553 semper
595 1501 742 1553 quiete
757 1504 801 1540 et
814 1500 990 1553 pacifice
1005 1501 1209 1541 fuerunt'
1197 1515 1242 1540 111
1254 1502 1410 1541 36131113
1424 1503 1478 1542 (16
1492 1517 1592 1542 6011-

56 1563 360 1603 suetudinibus
382 1567 426 1603 et
447 1564 723 1604 libertatibus
754 1565 970 1629 praedictis
1002 1579 1026 1604 a
1057 1568 1252 1618 tempore
1284 1566 1398 1620 regis
1420 1566 1591 1606 Alstani

55 1625 160 1680 (sic)
182 1641 317 1680 usque
340 1628 393 1667 ad
414 1628 632 1668 modicum
654 1632 827 1682 tempus
842 1633 943 1669 ante
960 1643 1089 1679 nunc,
1104 1633 1155 1669 ut
1170 1630 1425 1682 praedictum
1444 1634 1523 1680 est,
1540 1634 1591 1670 ut

54 1694 175 1742 patet
205 1690 291 1731 (16
274 1705 374 1745 Jure
405 1705 481 1745 per
512 1692 700 1732 (11161333
731 1697 867 1732 cartas
903 1694 1229 1747 progenitorum
1262 1694 1426 1734 domini
1459 1694 1590 1748 Regis

54 1767 184 1794 nunc.
1018 1804 1025 1809 ἡ

142 1819 246 1858 Ideo
278 1820 598 1860 consideratum
634 1824 698 1860 est
737 1822 851 1874 quod
892 1822 1134 1875 capitulum
1178 1827 1223 1861 et
1267 1822 1441 1861 66616313
1482 1836 1590 1875 prae-

53 1882 168 1921 dicta
190 1882 376 1923 habeant
406 1885 629 1924 libertates
662 1889 705 1924 et
737 1885 861 1925 feoda
883 1900 959 1925 sua
992 1886 1124 1926 1113633
1146 1887 1285 1939 quoad
1308 1885 1588 1939 archiepisco·

52 1959 157 1998 pum
179 1951 224 1986 et
245 1949 384 2001 quoad
406 1947 659 2002 Philippum
674 1949 984 1989 Vicecomitem
1007 1954 1051 1989 et·
1072 1950 1342 1989 XVillelmum
1373 1951 1587 2001 similiter,

54 2010 167 2050 salvo
192 2010 291 2064 jure
323 2012 487 2051 domini
519 2013 651 2066 Regis
684 2013 717 2052 si
749 2014 1032 2066 imposterum
1059 2014 1164 2053 scire
1191 2015 1454 2054 contrarium
1486 2028 1589 2054 con-

52 2075 231 2128 tigerit.¹
293 2076 350 2115 Et
375 2077 490 2129 quod
511 2077 707 2130 praedicti
738 2076 969 2131 Philippus
1001 2081 1043 2117 et
1068 2077 1314 2118 willelmus
1347 2080 1587 2132 capiantur,

54 2143 136 2178 etc.

140 2203 386 2257 Dampnum
408 2219 435 2244 x
456 2204 613 2254 libras3
645 2205 826 2245 clericus
848 2205 932 2260 lxvj
959 2206 1113 2246 solidos
1135 2206 1208 2260 viij
1234 2207 1442 2247 denarios.

179 2364 283 2399 THE
317 2366 549 2400 AVARICE
583 2366 646 2401 OF
679 2366 1009 2402 ARCHBISHOP
1043 2367 1267 2401 WALTER
1299 2367 1455 2402 GRAY.

231 2441 351 2476 MATT.
378 2442 486 2486 PAR„
511 2443 681 2478 Chronica
701 2444 858 2490 Effajora,
876 2444 978 2478 Rolls
996 2445 1144 2488 edition,
1162 2445 1232 2479 vol.
1253 2444 1302 2480 iii.
1322 2446 1403 2479 298.

140 2517 233 2557 Hoc
274 2518 460 2571 denique
492 2533 617 2569 anno,
655 2520 730 2572 qui
770 2520 929 2559 tertius
973 2523 1062 2559 erat
1107 2520 1320 2560 sterilium
1361 2534 1585 2570 annorum,

54 2581 239 2621 exitialis
270 2583 511 2622 mortalitas
534 2584 768 2623 crudeliter
800 2584 960 2638 ubique
985 2585 1185 2624 saeviebat
1221 2589 1261 2624 et
1295 2584 1458 2633 fames3
1492 2599 1586 2638 quae

53 2645 310 2696 pestilentiae
331 2651 421 2686 tam
444 2647 719 2701 exigentibus
743 2649 943 2701 peccatis,
965 2662 1094 2702 quam
1118 2663 1168 2688 ex
1189 2649 1457 2701 praecedente
1479 2649 1585 2688 aeris

53 2708 311 2762 intemperie
333 2714 379 2750 et
409 2724 608 2764 agrorum
639 2712 831 2764 generali
865 2712 1110 2761 sterilitate,
1143 2712 1302 2765 absque
1335 2712 1467 2752 dubio
1489 2726 1584 2764 pro-

54 2777 278 2814 venerunt.
341 2775 557 2828 Pauperes
589 2789 688 2814 vero
720 2776 898 2816 diversis
929 2777 973 2815 in
1006 2777 1108 2816 locis
1140 2776 1194 2816 ob
1225 2777 1412 2816 inediam
1443 2776 1585 2816 tabes-

601 2869 656 2911 (Ῑ)
688 2867 933 2913 Contitigerit,
952 2869 1031 2903 MS.

1778 98 1837 142 (53

1631 937 1743 967 Waste

1629 977 1736 1013 lamis,

1629 1022 1754 1047 waters.

1627 1059 1698 1090 etc.‚
1715 1057 1832 1094 belong

1629 1096 1661 1122 to
1674 1095 1728 1124 the
1742 1097 1832 1125 arch-

1629 1133 1751 1173 bishop.

1625 1321 1692 1350 The
1702 1328 1829 1359 present

1626 1362 1716 1390 iuva*
1713 1363 1737 1390 ·‹i
1744 1372 1770 1390 n
1795 1364 1821 1391 131

1626 1401 1713 1438 quite
1725 1411 1743 1430 a
1758 1412 1826 1432 new

1626 1439 1732 1478 thing.

1626 1832 1773 1862 Decisiou
1792 1835 1825 1863 in

1624 1872 1736 1901 favour

1623 1912 1658 1940 of
1677 1913 1729 1940 the

1623 1950 1772 1990 Chapter.

1625 2219 1783 2255 Damages

1625 2260 1685 2287 and
1702 2265 1794 2288 cosrs.

1620 2542 1686 2562 ΑΛ».
1706 2535 1790 2563 1234.

1622 2589 1751 2618 anine

1620 2629 1681 2657 and
1696 2629 1791 2666 pesti-

1620 2667 1714 2698 lenc-e.
