1915 3068
109 120 171 165 44

107 258 285 293 Quotation

107 298 187 327 from
202 297 298 327 Odo’s

108 337 228 374 preface
244 342 276 365 to

110 376 295 414 Fridegode.

111 704 156 733 St.
173 703 268 732 Matr.

111 743 205 772 xxiv.
217 744 265 772 28.

112 783 158 812 St.
176 782 263 810 Luke

109 821 193 850 xvii.
209 821 258 849 37.

110 958 236 989 Oswald

110 999 218 1027 makes
233 998 296 1027 and

111 1040 303 1067 consecrates

114 1077 244 1105 another

114 1115 228 1151 shrine,

113 1404 217 1432 which
234 1404 260 1433 is

114 1444 189 1480 kept
206 1445 239 1471 at

114 1483 290 1511 worcester

114 1522 163 1550 for
179 1521 226 1550 his
242 1530 313 1550 own

115 1561 214 1589 relies.

116 1815 185 1837 AJ).
201 1808 269 1837 995.

117 1864 234 1901 Bis-hap

117 1902 263 1931 Ealdhun

115 1950 257 1970 removes

116 1981 170 2009 the
187 1981 269 2018 body
284 1980 318 2009 of

117 2019 164 2048 St.
179 2019 277 2049 Cuth-

116 2059 209 2087 berht
223 2059 304 2087 from

118 2097 259 2125 chester-

118 2136 265 2165 le-Street.

117 2178 149 2204 to
166 2175 275 2212 Ripon.

120 2628 212 2658 After
231 2629 318 2659 three

120 2677 155 2697 01·
169 2669 239 2696 foul·

121 2708 247 2737 months

822 130 1099 164 MEMORIALS
1134 129 1193 163 01⁴*
1229 129 1386 163 RIPON.

341 245 575 283 attestatur
597 243 658 282 ita
676 242 885 291 scribens3
909 245 920 264 ‘
931 243 1074 296 Igitur
1090 241 1474 282 venerabilissimas
1491 240 1606 281 beati
1622 240 1872 282 confessoris

343 307 502 348 Christi
519 307 707 346 Wilfridi
729 307 931 359 reliquias
946 306 1164 345 indecenti
1179 306 1406 345 sentinosae
1428 306 1640 359 voraginis
1658 307 1744 345 situ
1761 319 1872 345 mar-

342 372 470 421 cidas,
493 371 654 421 immo,¹
678 371 791 424 quod
817 370 939 409 dictu
970 383 1139 423 quoque
1171 369 1472 409 meticulosum
1497 372 1577 420 est,
1598 369 1872 422 praelatorum

341 434 663 488 horripilatione
694 434 926 488 neglectas,
955 447 1054 473 cum
1086 433 1201 483 inde,
1224 432 1394 473 favente
1426 433 1531 483 Deo,
1554 433 1717 473 scilicet
1738 447 1762 472 a
1781 432 1872 472 loco

344 498 559 552 Sepulchri
583 498 676 552 ejus
698 498 876 551 quidam
898 497 1226 536 transtulissent
1244 511 1255 546 3
1286 500 1532 537 reverenter
1558 497 1720 550 excepi,
1741 500 1872 549 atque

342 564 457 602 intra
477 562 691 602 ambitum
712 561 1067 614 metropolitanae,
1089 561 1160 600 cui
1181 561 1320 614 gratia
1339 561 1420 600 Dei
1441 561 1663 613 praesideo,
1685 560 1872 600 ecclesiae

343 627 567 666 collocavi:
600 626 838 679 praesertim
861 628 1040 679 cogente
1073 624 1148 665 illo
1175 624 1462 678 Evangelistae
1493 625 1755 674 testimonio,
1776 637 1873 663 meo

345 690 546 729 videlicet
567 689 846 742 apologetico,
868 689 969 740 quia
989 686 1246 741 ubicunque
1263 686 1413 741 fuerit
1442 700 1617 741 corpus,
1640 700 1874 740 congyreya-

346 752 518 793 buntur
540 756 576 792 et
597 750 777 806 aquiloe.
839 752 994 804 Itaque
1019 755 1154 792 tantae
1181 755 1356 804 tamque
1378 752 1469 792 Deo
1490 751 1630 806 dignae
1652 751 1873 791 affinitatis

344 817 582 857 delectatus
604 817 841 866 vicinitate,
859 819 904 855 et
918 816 1099 855 editiore
1123 829 1193 855 eas
1211 814 1393 856 entheca
1409 815 1627 865 decusare,
1644 818 1688 855 et
1705 828 1875 868 excerp-

344 881 401 920 tis
423 880 476 920 de
498 880 608 920 libro
629 881 729 919 vitae
751 879 844 933 ejus
865 879 1051 919 flosculis
1072 893 1182 919 novo
1203 893 1329 933 opere
1350 880 1541 933 pretium
1562 879 1665 919 duxi
1687 879 1874 919 carmine

343 943 600 984 venustare.'
661 944 835 983 Levatis
871 957 972 997 ergo
1006 943 1216 996 reliquiis,
1254 947 1299 983 et
1335 944 1654 993 convenienter,
1688 946 1740 982 ut
1772 943 1874 993 dixi,

343 1008 504 1058 locatis,
526 1008 643 1047 aliud
664 1008 718 1048 ab
738 1007 813 1047 illo
834 1007 948 1060 quod
965 1007 1125 1047 fecerat
1136 1009 1274 1061 primo
1288 1022 1362 1061 par
1383 1008 1639 1047 omnimodis
1653 1010 1698 1047 et
1713 1006 1874 1060 aequale

344 1072 497 1112 beat-us
520 1071 739 1112 oswaldus
760 1071 967 1111 feretrum
998 1071 1236 1120 fabricavit,
1262 1072 1489 1125 ipsumque
1525 1085 1549 1110 a
1584 1084 1627 1110 se
1660 1084 1876 1111 consecra-

343 1139 440 1175 tum
475 1135 742 1188 VVigorniam
779 1134 1028 1174 destinavit.
1102 1136 1155 1174 In
1191 1134 1314 1189 cujus
1350 1135 1665 1175 consecratione
1702 1138 1875 1189 rogatus

343 1199 396 1238 ad
419 1212 701 1251 quarumnam
732 1198 1009 1251 reliquiarmn
1042 1198 1332 1238 conditionem
1365 1199 1472 1238 illud
1509 1202 1691 1251 aptaret,
1723 1197 1801 1238 hoc
1830 1211 1874 1237 se

344 1263 398 1303 ad
420 1262 626 1302 honorem
648 1263 728 1302 Dei
750 1263 971 1316 respondit
984 1264 1284 1316 composuisse,
1302 1267 1347 1303 et
1362 1264 1427 1302 illi
1444 1263 1669 1316 cujusnam
1685 1263 1875 1316 reliquiae

346 1326 490 1366 forent
510 1327 555 1366 in
578 1340 628 1366 eo
649 1327 879 1366 condendae
900 1327 1174 1366 notissimum
1206 1341 1312 1367 esse.
1375 1327 1602 1368 Servatum
1635 1330 1700 1366 est
1729 1327 1876 1380 itaque

350 1389 565 1443 VVigornae
599 1389 806 1429 feretrum
838 1390 979 1438 idem3
1010 1403 1059 1429 ac
1088 1390 1279 1443 reliquiae
1309 1391 1444 1444 ipsius
1475 1390 1713 1430 admirandi
1744 1390 1877 1443 patris

349 1453 530 1494 Oswaldi
552 1467 576 1492 a
596 1457 712 1492 terra
741 1457 839 1506 post
868 1454 1028 1494 multos
1050 1468 1183 1494 annos
1215 1455 1367 1495 levatae
1400 1468 1558 1509 magno
1593 1468 1691 1494 cum
1719 1453 1877 1494 honore

349 1520 451 1557 sunt
472 1517 517 1556 in
540 1530 590 1557 eo
611 1517 837 1557 collocatae.

350 1667 598 1703 REMOVAL
623 1666 684 1701 OF
710 1666 777 1702 ST.
795 1666 1145 1703 OUTHBERHT'S
1172 1669 1304 1704 BODY
1324 1670 1392 1705 BY
1410 1669 1595 1705 BISHOP
1614 1667 1878 1704 EALDHUN.

549 1730 742 1765 SYMEoms
767 1730 957 1775 Dmmm„
983 1732 1079 1766 Hist.
1098 1733 1192 1767 Eccl.
1211 1733 1390 1778 Dunelm„
1408 1733 1467 1768 lib.
1485 1733 1533 1768 iii.
1550 1745 1625 1780 cap.
1643 1733 1668 1768 i,

438 1796 563 1835 Anno
585 1798 732 1834 autem
764 1795 817 1835 ab
849 1796 1142 1837 incarnatione
1178 1798 1351 1838 Domini
1383 1799 1710 1853 nongentesimo
1746 1811 1877 1837 nona-

348 1859 514 1913 gesimo
550 1859 718 1912 quinto,
751 1859 924 1912 imperii
958 1874 1056 1900 vero
1091 1862 1205 1915 regis
1242 1861 1465 1903 Ethelredi
1497 1863 1679 1916 septimo
1700 1861 1878 1912 decimo,

348 1923 465 1962 idem
487 1924 669 1963 antistes
691 1922 769 1977 (sc.
792 1922 1012 1978 Aldunus)
1042 1925 1279 1979 incipiente
1305 1926 1397 1980 jam
1429 1927 1593 1980 accepti
1625 1925 1878 1979 praesulatus

350 1990 469 2026 sexto
510 2000 638 2037 annO,
675 1987 839 2027 coelesti
875 1989 1154 2040 praemonitus
1188 1990 1373 2040 oraculo,
1406 1993 1456 2030 ut
1499 2004 1596 2029 cum
1633 1991 1879 2042 incorrupto

350 2050 610 2089 sanctissimi
631 2051 766 2103 patris
798 2064 971 2104 corpore
1002 2053 1256 2104 quantocius
1286 2053 1457 2107 fugiens
1492 2067 1618 2106 super
1654 2056 1879 2093 venturam

348 2116 593 2166 pyratarum
626 2113 789 2153 rabiem
822 2113 1072 2165 declinaret,
1094 2116 1198 2155 tulit
1233 2117 1342 2156 illud
1374 2117 1620 2156 centissimo
1653 2127 1732 2155 ΧΠΙ
1769 2129 1880 2155 anno

350 2190 401 2216 ex
423 2191 507 2229 quo
529 2177 573 2215 in
598 2176 902 2218 Cunecacestre
934 2178 1120 2218 locatum
1153 2179 1307 2230 fuerat,
1331 2184 1375 2220 et
1405 2181 1505 2220 inde
1537 2194 1634 2219 cum
1667 2180 1782 2219 omni
1805 2179 1879 2233 qui

350 2240 443 2293 ejus
465 2241 623 2280 dicitur
645 2241 803 2294 populo
825 2242 869 2280 in
892 2242 1079 2295 Hripum
1100 2245 1419 2297 transportavit.
1482 2246 1533 2284 In
1550 2258 1635 2297 qua
1649 2244 1752 2298 fuga
1773 2243 1878 2283 illud

351 2304 626 2344 memorabile
648 2304 796 2356 fertur,
819 2306 932 2358 quod
963 2307 1007 2345 in
1040 2310 1163 2347 tanta
1184 2308 1467 2348 multitudine
1490 2322 1616 2348 nemo
1646 2321 1671 2347 a
1701 2307 1880 2347 minimo

351 2381 485 2421 usque
508 2368 560 2408 ad
592 2370 826 2409 maximum
858 2370 947 2410 ulla
979 2370 1244 2412 infirmitatis
1275 2373 1472 2412 molestia
1501 2372 1783 2426 affligebatur,
1806 2370 1879 2411 sed

351 2432 443 2471 sine
466 2431 553 2471 ullo
575 2432 730 2482 labore,
754 2433 844 2472 sine
877 2433 965 2473 ullo
996 2435 1277 2486 incommodo,
1300 2437 1412 2476 viam
1443 2436 1674 2490 gradiendo
1704 2448 1881 2489 perage-

351 2496 469 2535 bant.
531 2495 621 2535 Nec
645 2496 781 2535 solum
805 2495 999 2537 homines
1022 2499 1094 2538 sed
1116 2499 1246 2538 etiam
1278 2499 1480 2539 animalia
1510 2503 1659 2539 tenera
1679 2504 1726 2539 et
1745 2509 1881 2551 nuper

352 2571 521 2611 quoque
551 2563 666 2609 nata,
689 2563 780 2599 erat
812 2561 927 2600 enim
959 2565 1132 2615 tempus
1166 2563 1291 2614 veris,
1314 2577 1415 2602 sana
1451 2566 1495 2603 et
1527 2562 1759 2602 incolumia
1790 2562 1880 2601 sine
1913 2553 1915 2565 ⁴

352 2622 493 2675 aliqua
513 2622 765 2663 difficultate
788 2627 833 2663 et
854 2626 1076 2665 vexatione
1099 2629 1190 2665 toto
1211 2627 1365 2666 itinere
1397 2626 1716 2680 gradiebantur.
1778 2625 1882 2664 Post

353 2688 442 2725 tres
463 2688 610 2725 autem
634 2686 701 2725 vel
723 2689 930 2739 quattuor
951 2701 1135 2739 menses,
1150 2703 1252 2742 pace
1273 2690 1454 2741 reddita,
1469 2703 1568 2729 cum
1590 2689 1880 2729 venerandum

356 2776 445 2809 tium
475 2776 562 2810 duxi
589 2777 745 2811 carmine
772 2777 985 2814 venustare.‘
1035 2779 1078 2814 In
1106 2781 1166 2814 the
1195 2780 1367 2826 epiloguc,
1392 2780 1568 2824 however,
1594 2780 1792 2826 Fridogode
1818 2779 1880 2815 ad·

357 2827 491 2861 dresses
509 2827 562 2862 his
579 2834 706 2874 patron
724 2829 827 2863 ihus:
1913 2820 1915 2834 γ

701 2882 711 2899 ‘
725 2880 758 2915 N
762 2892 828 2915 unc
845 2881 957 2917 oleato
976 2882 1063 2917 mihi
1081 2883 1213 2927 faveas,
1231 2884 1427 2920 industrius
1443 2884 1541 2919 odo)

431 2932 484 2973 (l)
514 2931 644 2976 Nimia,
665 2934 756 2977 Any.
776 2936 852 2969 Suc.
