1935 3151
103 151 197 197 180

100 1567 274 1604 Morem-er,

101 1608 177 1642 thes·
198 1607 300 1645 frecly

102 1655 253 1675 renounce

102 1686 145 1714 all
160 1686 299 1723 appeals,

101 1728 171 1760 etc„

107 2852 140 2877 it»
156 2851 207 2879 the
224 2859 288 2887 prc-

101 2889 207 2926 judin·
225 2891 257 2917 nt·

818 164 1094 198 MEMORIALS
1129 165 1188 198 OF
1224 165 1384 199 RIPON.

333 279 455 328 parte
496 279 639 316 nostra
675 276 882 327 facienda,
918 276 1210 330 persolvenda,
1243 276 1479 328 liberanda,
1516 278 1561 316 et
1593 275 1870 331 adimplenda

333 353 420 379 non
441 340 668 381 fecerimus
698 344 775 380 aut
805 354 891 381 non
921 341 1262 394 impleverimus,
1293 341 1496 395 praefatus
1526 339 1869 394 archiepiscopus

335 404 435 443 sede
467 404 608 457 plena,
640 419 687 445 ac
731 405 918 444 decanus
959 408 1005 444 et
1046 405 1287 458 capitulum
1328 419 1378 446 ea
1418 408 1608 455 vacante,
1639 409 1684 445 et
1723 419 1870 445 eorum

334 468 516 521 quilibet
538 470 612 522 qui
633 483 708 522 pro
729 473 923 522 tempore
945 469 1092 521 fuerit,
1113 484 1189 510 nos
1207 474 1253 510 et
1274 470 1410 510 dictos
1428 483 1689 509 successores
1702 472 1869 509 nostros

334 533 387 572 ad
404 533 762 583 observacionem,
779 531 933 587 (blank
945 532 1095 588 space)
1110 534 1490 587 complementum,
1507 537 1552 573 et
1569 534 1868 573 execucionem

335 598 529 636 omnium
551 601 596 637 et
618 597 886 651 singulorum
908 598 986 638 sub
1017 598 1144 638 modo
1175 603 1220 638 et
1241 598 1376 638 forma
1407 598 1610 652 praedicta
1630 597 1868 637 fiendorum

335 664 380 700 et
421 661 814 714 perimplendorum
854 675 930 715 per
973 663 1284 716 suspencionis‚
1320 662 1790 711 excommunicacionis,
1824 664 1868 701 et

334 725 556 764 interdicti
590 726 845 776 sentencias,
869 729 914 766 et
945 727 1081 766 eciam
1112 741 1188 781 per
1222 727 1608 780 sequestracionem
1631 726 1868 776 fructuum,

335 788 599 840 reddituum,
621 794 925 842 proventuum,
949 794 991 831 et
1016 792 1409 831 emolumentorum
1440 804 1794 844 quorumcunque
1815 790 1868 830 ad

333 866 411 892 nos
434 857 479 892 et
500 853 666 893 dictum
688 856 1000 895 monasterium
1021 860 1219 896 nostrum
1240 857 1558 910 pertinencium
1581 859 1625 895 et
1645 869 1722 908 per
1741 869 1867 908 quas-

335 930 504 970 cunque
539 917 643 957 alias
684 932 883 959 censuras
918 920 1225 961 ecclesiasticas
1269 921 1512 971 summarie,
1550 919 1869 960 sentencialiter

335 984 380 1020 et
401 981 453 1020 de
476 981 600 1034 plane
621 982 779 1036 absque
802 985 986 1037 strepitu
1018 988 1062 1025 et
1093 984 1230 1039 figura
1255 984 1410 1039 judicii
1439 983 1693 1037 compellere
1715 983 1868 1033 valeat,

335 1050 380 1084 et
401 1045 586 1098 quilibet
608 1048 840 1087 eorundem
862 1049 1003 1088 valeat
1024 1063 1070 1089 ac
1102 1050 1237 1089 eciam
1268 1050 1468 1089 canonice
1500 1047 1737 1088 cohercere.
1797 1048 1869 1087 Ita

335 1109 448 1161 quod
465 1123 541 1149 nos
559 1110 625 1149 vel
648 1110 720 1150 alii
742 1112 988 1166 quicunque
1005 1114 1180 1153 nomine
1197 1117 1341 1153 nostro
1362 1113 1415 1153 ad
1436 1111 1683 1165 hujusmodi
1700 1111 1867 1151 fructus

334 1172 388 1212 ob
413 1187 581 1213 causam
612 1176 862 1227 praedictam
894 1181 1159 1230 sequestrata
1190 1191 1342 1217 manus
1374 1177 1623 1216 nullatenus
1654 1189 1867 1229 apponere

334 1236 550 1277 valeamus
580 1242 657 1279 aut
682 1239 853 1280 valeant
880 1254 1102 1294 quousque
1134 1242 1188 1282 de
1219 1242 1435 1295 praedict-is
1457 1238 1723 1295 ar(er)ragiis
1744 1253 1869 1293 poena

336 1314 412 1340 seu
453 1315 579 1354 poena
619 1306 710 1342 tam
751 1304 965 1344 dictorum
1007 1307 1198 1359 quinque
1240 1306 1473 1346 solidorum
1510 1318 1638 1358 quam
1673 1304 1868 1344 omnium

335 1368 381 1404 et
413 1366 680 1419 singulorum
713 1381 764 1407 ex
794 1372 916 1422 parte
947 1373 1095 1409 nostra
1126 1370 1458 1419 liberandorum,
1488 1368 1796 1419 faciendorum,
1822 1371 1867 1408 et

334 1430 729 1482 perimplendorum
751 1433 1074 1486 imperpetuum
1097 1438 1148 1474 ut
1168 1433 1407 1487 praefertur,
1428 1446 1514 1472 non
1535 1432 1771 1486 adimpleta
1791 1434 1869 1471 aut

334 1506 419 1532 non
442 1494 581 1534 soluta
602 1495 647 1534 in
668 1499 788 1548 parte
813 1496 878 1536 vel
909 1497 954 1536 in
986 1501 1077 1538 toto
1108 1512 1184 1551 per
1214 1512 1290 1538 nos
1323 1501 1368 1537 et
1401 1510 1664 1536 successores
1685 1499 1867 1546 nostros,

334 1556 468 1597 fuerit
498 1558 687 1611 plenarie
719 1560 765 1599 in
800 1560 931 1601 forma
962 1562 1165 1615 praedicta
1199 1561 1430 1602 satisfacta.
1491 1561 1549 1600 Et
1581 1561 1756 1614 insuper
1786 1573 1865 1599 nos

335 1622 455 1661 Prior
477 1626 521 1661 et
543 1622 789 1663 Conventus
812 1625 864 1664 de
885 1625 1157 1666 Pontefracto
1174 1625 1369 1679 praedicti
1390 1638 1465 1678 pro
1486 1624 1608 1664 nobis
1631 1628 1675 1664 et
1699 1637 1868 1663 succes-

335 1686 497 1726 soribus
528 1687 698 1737 nostris,
731 1701 781 1727 ex
813 1702 929 1728 mera
961 1693 1005 1729 et
1037 1693 1270 1743 spontanea
1300 1689 1522 1729 voluntate
1543 1691 1704 1737 nostra,
1726 1687 1866 1741 palam

335 1754 379 1789 et
411 1764 609 1803 expresse
640 1752 956 1804 renunciamus,
988 1754 1105 1793 omni
1137 1753 1443 1807 provocacioni,
1474 1752 1770 1806 appellacioni,
1801 1764 1868 1791 re-

334 1815 563 1864 cusacioni,
597 1815 916 1868 supplicacioni,
947 1818 993 1857 in
1024 1818 1246 1872 integrum
1277 1817 1563 1866 restitucioni,
1585 1815 1867 1863 excusacioni,

334 1878 610 1929 cavillacioni,
625 1879 891 1934 allegacioni,
905 1881 1161 1932 defencioni,
1175 1881 1471 1932 declaracioni,
1485 1880 1701 1930 dilacioni,
1715 1892 1866 1932 excep-

335 1943 446 1982 cioni
469 1942 554 1982 doli
578 1943 643 1983 vel
666 1947 823 1994 metus,
845 1959 1012 1986 necnon
1036 1947 1212 1986 statutis
1233 1946 1366 2001 regiis
1390 1948 1435 1985 et
1461 1943 1866 1992 consuetudinibus,

334 2006 485 2056 literis,
508 2010 552 2046 et
572 2008 801 2061 rescriptis,
823 2023 963 2063 neque
984 2009 1415 2063 archiepiscopalibus
1432 2007 1804 2062 prohibecionibus
1817 2020 1866 2046 ac

334 2070 679 2124 quibuscumque
713 2086 789 2125 per
820 2087 895 2113 nos
927 2074 1168 2127 impetratis
1201 2077 1278 2113 aut
1309 2074 1443 2128 gratis
1474 2072 1698 2120 concessis,
1730 2071 1866 2124 impe-

334 2134 512 2184 trandis,
534 2138 611 2174 aut
637 2137 771 2188 gratis
801 2138 1098 2188 concedendis,
1130 2152 1177 2177 ac
1208 2137 1407 2177 omnibus
1433 2136 1544 2190 juris
1574 2135 1767 2175 canonici
1799 2134 1866 2174 vel

334 2198 487 2247 civilis,
521 2199 677 2238 veteris
711 2200 777 2239 vel
811 2201 925 2252 novi,
960 2202 1129 2254 scriptis
1161 2201 1228 2240 vel
1259 2215 1345 2240 non
1378 2200 1545 2253 scriptis
1577 2198 1767 2253 generali
1799 2197 1867 2237 vel

338 2263 509 2315 speciali
532 2263 748 2314 remediis,
766 2264 893 2304 editis
917 2265 984 2305 vel
1005 2265 1196 2315 edendis,
1214 2268 1259 2305 et
1278 2265 1518 2318 specialiter
1534 2262 1866 2317 juridicentium

335 2327 556 2380 generales
577 2328 924 2369 renunciaciones
946 2343 1031 2369 non
1054 2330 1208 2379 valere,
1230 2329 1359 2369 editis
1382 2328 1450 2367 vel
1473 2327 1647 2367 edendis
1669 2325 1867 2375 decretis,

336 2391 580 2441 sentenciis,
613 2392 793 2444 scriptis,
816 2406 862 2432 ac
884 2393 1008 2433 factis
1040 2393 1381 2447 quibuscumque
1412 2406 1489 2445 per
1519 2405 1613 2445 quae
1646 2404 1721 2430 seu
1752 2389 1865 2443 quod

335 2455 545 2507 possimus
576 2468 652 2493 nos
678 2454 835 2508 juvari,
856 2458 984 2507 tueri,
1008 2471 1083 2497 seu
1105 2456 1423 2511 quomodolibet
1449 2455 1681 2495 defendere
1712 2453 1867 2493 annul-

334 2518 557 2567 lacionem‚
588 2520 887 2569 cassacionem,
919 2520 1316 2571 adnichilacionem‚
1338 2520 1683 2569 distruccionem‚
1705 2518 1773 2557 vel
1794 2530 1866 2557 ex-

334 2582 593 2621 tinccionem
645 2581 776 2635 hujus
830 2585 1051 2638 scripturae
1102 2586 1352 2634 indentatae,
1392 2583 1459 2624 vel
1500 2581 1682 2635 alicujus
1733 2581 1866 2634 partis

334 2645 529 2698 ejusdem
551 2649 628 2685 aut
649 2646 889 2699 aliquorum
912 2652 1212 2689 contentorum
1235 2649 1279 2688 in
1303 2648 1467 2697 eodem,
1491 2646 1560 2686 sed
1582 2659 1658 2699 pro
1679 2645 1801 2684 nobis
1823 2647 1867 2684 et

336 2709 648 2748 successoribus
671 2710 826 2749 nostris
843 2710 1092 2763 juranwnto
1113 2712 1333 2765 religionis
1359 2711 1651 2765 promittimus
1679 2709 1791 2761 quod
1813 2708 1866 2747 de

336 2776 488 2812 caetero
510 2772 569 2811 nil
593 2773 931 2825 impetrabimus,
953 2776 1323 2829 atteinptabimus,
1344 2774 1638 2828 allegabimus,
1659 2772 1866 2812 faciemus

338 2850 412 2875 scu
450 2837 537 2875 ficri
575 2838 894 2889 procurabimus
932 2839 975 2877 in
1010 2841 1273 2879 contrarium
1311 2853 1385 2879 seu
1421 2836 1717 2891 praejudieium
1758 2835 1864 2875 dicti

340 2900 484 2952 scripti
529 2901 678 2950 nostri,
721 2901 793 2940 sed
835 2903 974 2941 omnia
1021 2906 1061 2940 et
1106 2903 1274 2957 singula
1316 2902 1534 2955 praemissa
1574 2901 1619 2940 in
1661 2899 1863 2953 praedicto
