1935 3151
83 151 177 198 150

81 291 247 329 chaplains

82 340 101 359 a
116 339 280 368 messuage

81 370 114 398 in
131 369 154 398 A
163 379 252 399 unes-

80 411 166 445 gnte,

79 449 156 485 Apr.
172 448 200 484 8,

81 488 167 516 1391.

94 527 134 556 fo.
153 527 207 556 103
217 527 242 566 j.
252 537 279 556 v.

83 1118 264 1148 Witncsses.

89 1767 183 1796 Nich.
198 1768 237 1796 de

92 1807 166 1836 Dan
181 1816 234 1844 ap-

92 1846 194 1884 points
209 1855 248 1874 an

93 1888 241 1923 attorney

93 1930 125 1954 to
140 1925 212 1960 give

93 1964 274 2001 possession,

93 2004 169 2039 txpr.
185 2004 213 2039 8,

95 2044 181 2071 1391.

805 167 1082 200 MEMORIALS
1117 167 1176 200 OF
1212 166 1374 200 RIPON.

314 278 502 319 Roberto
523 279 575 320 de
597 279 805 320 Duresme
828 283 873 319 et
894 279 921 319 J
924 277 1082 319 ohanni
1104 278 1158 318 de
1180 277 1310 331 Clynt
1335 278 1388 318 de
1410 276 1578 330 Ripon',
1600 277 1848 331 capellanis,

313 345 457 382 totum
497 343 607 383 illud
637 343 909 397 mesuagium
943 355 1041 381 cum
1075 342 1162 382 suis
1195 341 1474 395 pertinenciis
1509 341 1623 395 quod
1650 341 1769 395 jacet
1803 342 1850 381 in

313 406 453 459 Ripon
475 407 521 446 in
545 407 793 461 Annesgate
825 419 952 459 super
984 404 1020 446 le
1047 404 1214 446 Cor-‘ner
1233 405 1411 455 ibidem,
1433 405 1547 445 inter
1577 406 1850 459 mesuagium

313 470 593 523 praebendarii
617 471 669 511 de
691 471 733 510 N
735 470 892 523 unwyk
919 484 971 510 ex
998 473 1120 523 parte
1151 483 1250 519 una,
1274 473 1318 509 et
1339 469 1611 523 mesuagium
1633 469 1851 522 quondam

313 534 341 575 J
343 532 523 574 ohannis
545 535 597 574 de
620 534 825 574 Tanfelde
847 548 898 574 ex
918 537 1040 587 parte
1062 533 1210 573 altera.
1272 533 1534 573 Habendum
1552 535 1596 572 et
1611 532 1850 573 tenendum

311 602 456 638 totum
480 599 736 651 praedictum
766 598 1041 651 mesuagium
1071 611 1171 636 cum
1204 597 1292 636 suis
1323 597 1604 650 pertinenciis
1634 596 1851 650 praedictis

313 663 500 702 Roberto
522 666 565 702 et
587 663 614 703 J
617 661 790 712 ohanni,
812 660 1054 701 haeredibus
1077 664 1122 700 et
1142 661 1372 715 assignatis
1395 661 1497 710 suis,
1519 660 1668 710 libere,
1689 661 1850 713 quiete,

312 729 496 781 integre,
535 728 660 778 bene,
696 728 741 767 in
775 740 894 780 pace,
930 730 974 766 et
1010 727 1348 780 imperpetuum,
1380 726 1434 766 de
1470 725 1645 779 capitali
1679 726 1852 765 domino

312 791 426 831 feodi
447 791 577 842 illius,
599 805 675 844 per
698 791 873 831 servicia
894 791 996 830 inde
1009 791 1156 830 debita
1173 794 1219 830 et
1235 790 1288 830 de
1305 789 1404 844 jure
1421 793 1637 830 consueta.
1699 790 1755 829 Et
1773 803 1853 843 ego

313 869 413 895 vero
448 856 677 909 praedictus
719 854 951 895 Nicholaus
993 858 1038 894 et
1079 853 1268 894 haeredes
1302 855 1389 894 mei
1422 858 1566 893 totum
1598 854 1852 907 praedictum

313 919 585 972 mesuagium
607 933 706 958 cum
730 919 818 958 suis
839 919 1118 972 pertinenciis
1148 917 1336 971 praefatis
1365 917 1552 957 Roberto
1575 921 1619 957 et
1649 916 1853 966 Johanni,

314 981 557 1022 haeredibus
589 987 634 1023 et
665 984 893 1036 assignatis
927 983 1030 1033 suis,
1063 986 1211 1022 contra
1244 995 1393 1022 omnes
1424 986 1578 1035 gentes
1608 982 1854 1022 warantiza-

315 1047 457 1087 bimus
479 1051 524 1087 et
545 1047 826 1087 defendemus
847 1047 1187 1100 imperpetuum.
1248 1047 1302 1085 In
1323 1045 1446 1099 cujus
1468 1046 1531 1085 rei
1551 1046 1853 1085 testimonium

316 1111 416 1151 huic
452 1112 653 1164 praesenti
686 1116 812 1151 cartae
846 1111 1037 1165 sigillum
1070 1124 1217 1150 meum
1257 1110 1449 1163 apposui.
1518 1110 1616 1148 Hiis
1653 1110 1854 1159 testibus,

316 1175 513 1216 Johanne
535 1176 588 1215 de
610 1175 818 1229 Topclyff,
840 1176 868 1216 J
871 1175 1037 1215 ohanne
1060 1175 1112 1215 de
1130 1174 1429 1228 Hawkyswyk,
1451 1174 1631 1214 Ricardo
1655 1174 1709 1213 de
1740 1173 1854 1214 Sun-

316 1253 449 1293 nyng‚
471 1239 634 1279 Thoma
655 1240 708 1279 de
730 1239 978 1293 Gaytforde,
1001 1239 1042 1278 N
1045 1238 1207 1278 icholao
1229 1239 1415 1288 Hubert,
1438 1241 1484 1278 et
1504 1237 1655 1277 multis
1677 1237 1786 1277 aliis.

407 1304 505 1344 Dat.
543 1305 657 1356 apud
698 1303 868 1357 Ripon’,
906 1304 975 1343 die
1019 1303 1196 1344 Sabbati
1232 1317 1349 1356 prox.
1381 1306 1480 1356 post
1510 1301 1672 1342 festum
1705 1301 1853 1342 Sancti

317 1369 529 1408 Ambrosii
553 1369 751 1422 Episcopi
773 1372 817 1408 et
839 1367 1115 1418 Confessoris‚
1137 1369 1261 1407 Anno
1284 1367 1459 1406 Domini
1481 1367 1714 1406 Millesimo
1735 1370 1855 1406 cccm⁰

318 1433 596 1486 nonogesimo
631 1433 783 1485 primo,
816 1436 860 1471 et
892 1432 1014 1486 regni
1049 1432 1180 1486 Regis
1213 1431 1384 1471 Ricardi
1422 1430 1597 1471 secundi
1625 1439 1723 1484 post
1753 1443 1854 1469 con-

319 1501 533 1550 quaestum
555 1496 720 1550 Angliae
743 1499 894 1549 quarto
916 1496 1096 1536 decimo.

1015 1657 1170 1704 (LXX.)

411 1760 565 1799 Pateat
587 1760 797 1799 universis
818 1773 893 1813 per
915 1762 1162 1813 praesenteS,
1185 1757 1298 1811 quod
1320 1770 1400 1811 ego
1428 1757 1468 1797 N
1472 1756 1662 1797 icholaus
1684 1757 1736 1796 de
1758 1755 1855 1796 Dall

324 1823 377 1863 de
396 1823 547 1877 Ripon’
563 1824 775 1863 attornavi
798 1827 842 1864 et
864 1824 954 1863 loco
975 1836 1070 1863 meo
1092 1823 1215 1876 posui
1237 1822 1444 1863 dilectum
1465 1835 1611 1861 meum
1629 1822 1673 1860 in
1689 1820 1857 1862 Christo

325 1888 351 1928 J
355 1886 567 1927 ohannem
590 1888 642 1927 de
665 1888 785 1927 Dene
817 1888 870 1927 de
901 1887 1068 1940 Ripon’,
1090 1886 1374 1939 capellanum,
1396 1889 1563 1925 certum
1589 1888 1856 1925 attornatum

326 1965 471 1991 meum
507 1952 560 1991 ad
601 1951 869 1992 liberandum
910 1952 1084 1991 nomine
1125 1963 1223 1990 meo
1264 1949 1452 1989 Roberto
1493 1949 1546 1989 de
1587 1949 1772 1988 Duresm
1814 1951 1860 1988 et

327 2014 513 2056 ,Iohanni
535 2016 588 2055 de
610 2015 737 2068 Clynt
762 2016 815 2055 de
838 2015 1004 2068 Ripon',
1026 2014 1270 2068 capellanis,
1292 2012 1535 2053 haeredibus
1564 2017 1607 2053 et
1632 2012 1860 2066 assignatis

329 2080 429 2129 suis,
452 2080 621 2132 plenam
646 2080 846 2119 seisinam
860 2080 912 2119 de
929 2082 1021 2118 toto
1034 2079 1109 2118 illo
1126 2078 1348 2131 mesuagio
1361 2091 1460 2116 cum
1480 2078 1565 2117 suis
1583 2075 1862 2130 pertinenciis

328 2143 439 2196 quod
457 2143 572 2196 jacet
593 2143 638 2182 in
661 2143 812 2196 Ripon’
829 2143 874 2182 in
891 2143 1137 2195 Annesgate
1161 2155 1288 2193 super
1311 2139 1347 2180 Ze
1366 2140 1531 2181 Corner
1552 2140 1729 2190 ibidem,
1746 2139 1861 2178 inter

328 2208 598 2260 mesuagium
621 2207 901 2260 praebendarii
922 2207 975 2246 de
997 2204 1195 2257 Nunwyk
1217 2205 1262 2243 in
1285 2204 1461 2244 ecclesia
1473 2204 1700 2257 collegiata
1721 2203 1861 2256 Ripon

332 2285 381 2310 ex
404 2276 524 2324 parte
547 2285 645 2321 una,
667 2275 712 2310 et
734 2271 1005 2324 mesuagium
1037 2269 1253 2322 quondam
1276 2268 1303 2308 J
1307 2266 1487 2307 ohannis
1510 2269 1562 2308 de
1584 2267 1788 2307 Tanfelde
1811 2280 1862 2306 ex

332 2339 451 2388 parte
485 2335 632 2384 altera,
666 2335 779 2387 quod
815 2335 990 2387 quidem
1024 2332 1296 2387 mesuagium
1329 2331 1522 2385 praedicti
1564 2331 1776 2371 Robertus
1818 2333 1863 2369 et

333 2397 549 2438 Johannes
581 2398 743 2438 habent
765 2412 815 2438 ex
841 2399 952 2438 dono
974 2400 1019 2437 et
1040 2396 1310 2436 concessione
1332 2408 1441 2445 mea,
1465 2399 1592 2448 prout
1613 2396 1657 2434 in
1680 2393 1863 2447 quadam

333 2467 446 2502 carta
496 2462 597 2502 inde
638 2462 829 2502 confecta
874 2462 1043 2515 plenius
1084 2460 1341 2499 continetur.
1403 2459 1565 2499 Ratum
1607 2462 1651 2498 et
1691 2461 1863 2512 gratum

333 2526 496 2566 habens
528 2530 572 2565 et
603 2525 828 2566 habiturus
859 2525 1063 2578 quicquid
1085 2524 1199 2563 idem
1232 2523 1259 2564 J
1263 2522 1451 2563 ohannes
1474 2523 1526 2562 de
1549 2523 1667 2562 Dene
1689 2521 1864 2561 nomine

333 2589 470 2643 (meo)
493 2591 663 2631 duxerit
686 2591 928 2630 faciendum
954 2590 999 2628 in
1031 2588 1274 2642 praemissis.
1337 2588 1389 2626 In
1421 2586 1545 2640 cujus
1576 2586 1637 2626 rei
1668 2585 1864 2625 testimo-

335 2656 456 2694 nium
479 2655 762 2707 praesentibus
786 2654 976 2708 sigillum
998 2666 1143 2692 meum
1165 2651 1357 2704 apposui.

425 2719 522 2759 Dat.
559 2720 672 2771 apud
716 2718 881 2772 Ripon’,
923 2717 992 2756 die
1033 2715 1207 2756 sabbati
1249 2728 1366 2767 prox.
1398 2717 1498 2768 post
1528 2713 1686 2754 festum
1721 2711 1866 2752 Sancti

338 2783 548 2822 Ambrosii
586 2783 783 2836 Episcopi
820 2785 864 2821 ct
901 2779 1174 2827 confessoris,
1211 2778 1334 2817 Anno
1368 2778 1490 2832 regni
1528 2777 1658 2831 Regis
1695 2774 1865 2816 Ricardi

338 2847 510 2885 secundi
534 2850 624 2899 post
650 2850 940 2899 conquaestum
964 2843 1128 2897 Angliae
1150 2841 1246 2894 iiijt‘*
1267 2842 1445 2882 decimo.
