1935 3151
108 147 135 193 [0

142 146 202 195 210}

112 1254 180 1276 ,1.1).
196 1247 281 1276 1301.

112 1303 254 1339 Chapter
268 1301 301 1331 of

114 1341 216 1378 Ripon
232 1345 262 1370 to

112 1379 204 1407 Nich.
220 1380 258 1409 de

113 1418 287 1456 Bondegat.

113 1876 158 1905 To
170 1886 230 1914 pay
244 1877 311 1905 18d.

114 1925 131 1944 n
147 1925 232 1954 year.

115 2128 178 2158 His
192 2129 272 2158 heiu-s

113 2171 145 2196 to
159 2177 221 2206 pay
236 2169 279 2199 2⁸.

115 2513 222 2541 Power
237 2515 268 2542 to

114 2552 256 2580 (listram.

818 153 1096 190 MEMORIALS
1132 156 1189 189 OF
1226 156 1383 189 RIPON.

340 270 538 310 Domino.
602 269 925 311 Concessionem
948 271 993 309 et
1014 268 1292 308 donacionem
1314 281 1444 321 quam
1471 266 1725 307 venerabilis
1746 271 1868 321 pater

342 334 544 373 dominus
574 334 790 374 Walterus
821 333 948 373 Ebor.
975 331 1333 385 archiepiscopus,
1364 330 1530 384 Angliae
1561 332 1733 383 primas,
1764 331 1868 371 fecit

339 397 560 437 willelmo
581 397 633 438 de
657 397 839 438 Oseneie
871 410 947 450 pro
977 395 1176 449 homagio
1208 399 1253 435 et
1285 395 1461 435 servicio
1495 408 1570 434 suo
1601 395 1654 434 de
1686 398 1868 448 quatuor

340 461 507 500 bovatis
549 464 673 500 terrae
707 462 753 500 in
794 461 895 500 villa
935 460 988 499 de
1029 458 1183 512 Thorp’
1224 459 1337 498 infra
1377 459 1619 498 manerium
1659 458 1868 511 Riponiae,

340 524 540 563 tenendis
573 527 616 564 et
647 523 855 564 habendis
887 523 1028 563 eidem
1060 526 1106 562 et
1136 521 1376 562 haeredibus
1407 522 1508 572 suis,
1530 522 1747 561 reddendo
1768 522 1868 561 inde

341 588 566 627 annuatim
590 588 730 627 eidem
762 588 936 627 domino
956 585 1273 639 archiepiscopo
1296 589 1341 625 et
1363 586 1676 625 successoribus
1701 586 1787 624 suis
1807 585 1866 638 xij

342 651 510 700 solidos,
522 651 631 690 sicut
645 652 690 690 in
703 654 818 690 carta
833 651 938 690 dicti
951 648 1258 702 archiepiscopi
1269 663 1395 702 super
1407 648 1487 688 hoc
1501 649 1642 688 eidem
1650 648 1868 688 Willelmo

339 714 530 753 confecta
560 715 727 767 plenius
758 715 1018 764 continetur,
1045 716 1183 753 ratam
1213 711 1424 753 habentes
1454 714 1499 751 et
1528 715 1709 766 gratam,
1731 713 1869 765 ipsam

340 778 624 828 concedimus,
647 781 691 818 et
712 779 935 831 praesentis
968 777 1113 830 scripti
1145 777 1381 829 patrocinio
1403 776 1535 830 sigilli
1566 776 1702 815 nostri
1724 775 1868 815 muni-

341 841 456 881 mine
481 842 647 896 signato
669 843 999 882 communimus.
1060 841 1187 881 Teste
1209 840 1396 894 capitulo
1416 842 1574 879 nostro.

633 997 804 1033 CLVIII.
839 997 1013 1033 GRANT
1047 997 1109 1032 OF
1142 997 1283 1032 LAND
1317 996 1371 1031 IN
1408 995 1572 1031 RIPON.

876 1077 1018 1122 (Paros
1037 1076 1221 1111 CHAPTER
1237 1075 1333 1120 MS.)

733 1155 1459 1191 OYROGRAPHUM.

430 1231 534 1270 Haec
570 1233 685 1270 carta
724 1228 1033 1283 cyrographata
1062 1231 1249 1268 testatur
1282 1229 1395 1282 quod
1427 1228 1674 1281 Capitulum
1706 1229 1871 1282 Rypon'

342 1295 537 1333 unanimi
568 1307 778 1334 consensu
809 1294 944 1342 dedit,
966 1293 1192 1342 concessit,
1214 1295 1259 1332 et
1287 1293 1557 1332 confirmavit
1578 1292 1786 1332 Nicholao
1817 1292 1870 1333 de

345 1357 580 1411 Bondegat,
602 1358 833 1410 capellano,
856 1370 991 1396 unum
1014 1356 1175 1396 toftum
1198 1359 1242 1395 et
1263 1370 1393 1395 unam
1415 1356 1605 1409 placeam
1626 1359 1750 1396 terrae
1772 1371 1871 1397 cum

343 1422 622 1474 pertinenciis
654 1422 699 1460 in
732 1420 912 1474 Rypon',
943 1420 1145 1459 videlicet
1175 1420 1283 1459 illud
1304 1419 1464 1459 toftum
1490 1420 1603 1472 quod
1619 1418 1735 1473 jacet
1756 1420 1871 1460 inter

343 1485 613 1537 mesuagium
645 1485 836 1537 praedicti
866 1482 1062 1523 Nicholai
1094 1487 1139 1523 et
1169 1484 1441 1536 mesuagium
1473 1483 1635 1522 domini
1663 1484 1870 1524 Willelmi

346 1548 424 1587 filii
446 1548 625 1587 Walteri
647 1547 856 1597 Fullonis,
878 1547 1101 1600 capellani,
1123 1547 1168 1586 in
1200 1546 1378 1599 Rypon’.
1440 1546 1497 1585 Et
1527 1546 1645 1585 illam
1676 1547 1869 1600 placeam

344 1615 470 1651 terrae
492 1625 586 1664 quae
602 1610 719 1664 jacet
739 1611 853 1651 inter
874 1611 1145 1664 mesuagium
1177 1610 1355 1649 Roberti
1386 1609 1438 1649 de
1461 1609 1625 1663 Holtby
1647 1611 1802 1661 clerici,
1824 1615 1870 1651 et

344 1675 615 1728 mesuagium
637 1675 800 1714 domini
821 1674 1030 1713 VVillelmi
1046 1674 1098 1713 de
1116 1672 1357 1713 Roderham
1371 1673 1594 1726 capellani,
1611 1677 1656 1713 et
1669 1674 1869 1714 abbuttat

346 1751 473 1791 super
495 1751 649 1791 aquam
671 1738 723 1777 de
748 1737 849 1778 Skel
872 1738 917 1776 in
939 1736 1128 1790 Rypon'3
1160 1735 1357 1776 habenda
1378 1739 1421 1776 et
1443 1736 1643 1787 tenenda,
1666 1738 1868 1790 praedicto

345 1801 563 1852 Nicholao,
585 1800 826 1841 haeredibus
850 1802 951 1851 suis,
967 1804 1010 1840 et
1026 1801 1114 1840 suis
1127 1801 1368 1854 assignatis,
1382 1800 1434 1840 de
1452 1800 1636 1853 capitulo
1653 1802 1868 1853 praedicto,

345 1866 387 1904 in
421 1868 710 1918 perpetuum3
742 1865 961 1904 reddendo
982 1864 1084 1903 inde
1115 1878 1192 1917 per
1222 1877 1385 1903 annum
1407 1877 1646 1904 communae
1677 1865 1870 1917 praedicti

344 1929 522 1981 capituli
556 1930 601 1968 in
634 1932 725 1968 tota
746 1929 835 1968 vita
871 1929 1006 1981 ipsius
1040 1927 1236 1968 Nicholai
1272 1928 1421 1967 decem
1458 1932 1503 1967 et
1538 1931 1632 1967 octo
1672 1929 1867 1968 denarios

343 1993 524 2046 argenti,
565 1992 766 2032 videlicet
806 1992 1087 2031 medietatem
1128 1991 1181 2031 ad
1222 1991 1381 2031 festum
1425 1991 1569 2031 Sancti
1611 1991 1791 2031 Martini
1822 1993 1867 2031 in

343 2054 512 2109 hyeme,
534 2058 578 2095 et
597 2055 775 2095 alteram
798 2056 1077 2095 medietatem
1099 2056 1151 2095 ad
1172 2055 1332 2095 festum
1354 2055 1632 2094 Pentecostes
1654 2069 1728 2108 pro
1749 2057 1868 2095 omni

344 2119 532 2158 servicio.
594 2119 652 2157 Et
691 2121 787 2171 post
826 2119 1049 2158 decessum
1090 2117 1283 2172 ejusdem
1324 2117 1536 2168 Nicholai,
1568 2116 1757 2158 haeredes
1798 2120 1867 2159 vel

342 2183 547 2236 assignati
569 2182 672 2221 dicti
694 2181 888 2221 Nicholai
911 2196 985 2234 pro
1006 2182 1132 2221 dictis
1145 2182 1405 2221 tenementis
1418 2195 1655 2221 communae
1672 2180 1867 2235 ejusdem

343 2246 520 2299 capituli
552 2246 776 2285 annuatim
807 2246 990 2285 reddent
1021 2245 1126 2285 duos
1159 2245 1311 2285 solidos
1342 2245 1395 2284 ad
1417 2246 1622 2285 terminos
1643 2246 1866 2298 praedictos

342 2323 417 2361 pro
439 2310 555 2348 omni
579 2309 768 2348 servicio.
831 2309 888 2348 Et
918 2309 1170 2362 praedictum
1201 2309 1439 2361 capitulum
1471 2309 1674 2361 praedieta
1704 2308 1865 2349 toftum

342 2376 383 2411 et
419 2373 606 2424 placeam
640 2386 737 2411 cum
771 2373 1049 2425 pertinenciis
1082 2372 1284 2425 praedicto
1317 2370 1522 2411 Nicholao
1554 2375 1598 2411 et
1626 2371 1864 2413 haeredibus

343 2436 430 2474 suis
452 2438 496 2474 et
519 2436 604 2474 suis
625 2436 850 2488 assignatis
872 2439 1018 2475 contra
1039 2449 1187 2474 omnes
1208 2434 1404 2474 homines
1428 2449 1501 2488 pro
1522 2435 1723 2488 praedicta
1743 2436 1866 2476 firma

343 2498 386 2537 iu
409 2501 667 2550 perpetuum
691 2499 993 2538 warantizabit‚
1055 2499 1112 2537 Et
1134 2499 1362 2551 praedictus
1394 2497 1625 2538 Nieholaus
1656 2500 1865 2539 concessit

343 2575 417 2614 pro
450 2576 491 2600 se
525 2565 569 2601 et
600 2560 836 2600 haeredibus
861 2563 947 2600 suis
981 2566 1025 2601 et
1057 2563 1142 2601 suis
1173 2562 1414 2615 assignatis,
1437 2563 1548 2614 quod
1572 2562 1606 2601 si
1637 2563 1864 2615 praedictus

343 2626 537 2665 redditus
578 2625 720 2678 aliquo
761 2626 947 2664 termino
988 2629 1222 2678 praenotato
1252 2639 1338 2665 non
1369 2626 1502 2666 fuerit
1536 2626 1714 2675 solutus,
1755 2627 1864 2667 bene

343 2689 490 2727 licebit
512 2688 688 2740 praefato
709 2688 898 2740 capitulo
920 2689 1059 2740 ipsum
1082 2689 1121 2728 N
1125 2688 1352 2735 icholaum,
1374 2689 1562 2729 haeredes
1582 2703 1691 2740 suos,
1705 2693 1750 2729 et
1767 2704 1862 2730 suos

343 2753 591 2805 assignatos,
613 2756 703 2791 tam
731 2753 776 2791 in
798 2751 998 2804 praedicto
1029 2754 1249 2807 mesuagio
1270 2753 1403 2806 ipsius
1431 2752 1628 2793 Nicholai
1659 2767 1786 2806 quam
1817 2755 1863 2794 in

343 2816 555 2867 praedictis
586 2815 695 2854 tofto
726 2818 769 2855 et
800 2815 945 2867 placea
976 2815 1168 2868 praedicti
1199 2815 1397 2855 Nicholai
1419 2816 1689 2869 distringere,
1711 2819 1755 2856 et
1775 2817 1861 2856 dis-

343 2878 567 2918 tricciones
596 2879 795 2928 retinere,
816 2891 1004 2931 quosque
1035 2879 1086 2918 de
1117 2879 1319 2932 praedicto
1348 2879 1519 2920 redditu
1539 2882 1590 2919 ut
1609 2880 1860 2933 praedictum
