1935 3151
62 146 158 194 220

63 278 208 316 Appear·

62 327 137 347 auce
151 327 201 347 ac-

61 357 238 396 cordingly.

61 677 148 707 Writ
163 679 196 707 to

63 717 178 755 King’s

64 755 172 785 Bench

63 795 199 832 reciting

63 834 229 871 pleadiugs

63 874 97 902 in
113 872 217 902 Chan-

63 921 136 949 661),γ
155 912 216 941 and

63 952 239 981 visitation.

782 160 1058 195 MEMORIALS
1093 162 1151 195 OF
1188 161 1345 195 RIPON.

385 273 451 313 Ad
484 287 614 327 quem
646 273 761 314 diem
794 287 934 313 coram
969 273 1144 313 domino
1180 273 1299 328 Rege
1336 273 1457 312 venit
1484 275 1574 312 tam
1602 273 1832 326 praedictus

297 336 435 377 David
456 351 532 391 per
555 338 582 378 J
585 336 799 378 ohannem
832 338 884 377 de
917 338 1110 377 Lincoln’
1141 340 1409 377 attornat-um
1432 350 1573 388 suum,
1595 340 1641 377 et
1661 339 1735 391 qui
1756 352 1833 391 pro

296 401 470 441 domino
495 401 614 455 Rege
647 401 855 454 sequitur,
878 415 1006 454 quam
1027 401 1255 454 praedictus
1277 400 1491 440 Robertus
1512 400 1566 440 de
1589 400 1736 441 Ottele
1756 415 1832 455 per

296 465 550 518 praedictum
600 469 868 505 attornatum
910 478 1050 504 suum.
1111 465 1169 504 Et
1211 478 1337 517 super
1377 462 1456 503 hoc
1499 464 1699 504 dominus
1740 465 1832 505 Rex

296 530 516 569 mandavit
553 529 814 569 Justiciariis
858 529 944 569 suis
985 527 1068 580 hic,
1100 529 1227 569 breve
1271 542 1397 567 suum
1437 528 1628 568 clausum
1664 529 1711 568 in
1741 527 1831 569 haec

296 593 436 633 verba.

385 656 631 707 Edwardus,
663 656 744 696 Dei
774 657 916 711 gracia
946 657 1039 697 Rex
1059 657 1226 711 Angliae
1259 660 1304 696 et
1333 656 1525 696 Franciae
1557 659 1602 696 et
1632 656 1831 697 dominus

298 720 532 770 Hiberniae,
555 720 726 760 dilectis
750 724 794 760 et
815 721 1015 761 fidelibus
1038 722 1125 761 suis
1146 720 1366 760 willelmo
1399 720 1499 760 Scot
1529 723 1574 759 et
1598 721 1720 760 sociis
1745 721 1832 760 suis

298 785 325 825 J
328 784 559 823 usticiariis
580 784 633 823 ad
654 784 813 837 placita
834 799 975 825 coram
1003 785 1128 825 nobis
1158 785 1348 824 tenenda
1367 784 1610 837 assignatis,
1634 784 1831 824 salutem.

300 846 408 888 Cum
425 848 637 888 Robertus
659 849 712 888 de
731 848 930 902 Otteleye
947 850 1206 902 possessioni
1221 847 1445 901 hospitalis
1461 847 1606 888 Sancti
1622 848 1650 888 J
1652 847 1832 888 ohannis

299 912 352 951 de
375 911 529 965 Ripon'
549 912 743 952 indebite
764 916 815 952 ut
837 914 996 953 dicitur
1015 912 1270 952 incumbens
1292 913 1338 951 in
1369 911 1524 965 placito
1545 912 1660 951 inter
1691 926 1767 951 nos
1787 915 1833 952 et

298 977 441 1029 ipsum
464 976 702 1015 Robertum
723 977 956 1029 pendente,
979 977 1032 1017 de
1055 990 1104 1016 eo
1126 977 1238 1029 quod
1260 976 1375 1015 idem
1401 975 1612 1015 Robertus
1634 975 1833 1015 ostendat

299 1041 334 1080 31
357 1040 459 1093 quid
482 1053 557 1093 pro
580 1054 624 1079 36
646 1039 804 1080 habeat
825 1041 892 1081 vel
913 1042 1053 1081 dicere
1077 1042 1183 1081 sciat
1204 1054 1332 1094 quare
1349 1040 1401 1079 ab
1414 1038 1615 1093 hospitali
1629 1040 1833 1092 praedicto

297 1108 475 1143 vacante
517 1108 562 1143 et
602 1104 655 1143 ad
687 1108 876 1144 nostram
907 1105 1200 1155 donacionem,
1232 1104 1399 1144 racione
1430 1102 1830 1156 Archiepiscopatus

298 1168 425 1208 Ebor.
458 1169 645 1207 vacantis
679 1171 723 1208 et
758 1169 803 1208 in
840 1182 971 1208 manu
1006 1172 1152 1209 nostra
1185 1168 1412 1208 existentis
1449 1170 1683 1220 spectante,
1717 1167 1831 1220 quod

298 1231 456 1271 dilecto
498 1232 648 1272 clerico
681 1236 827 1272 nostro
861 1233 998 1273 David
1034 1234 1087 1273 de
1122 1232 1340 1272 Wolloure
1373 1245 1448 1285 per
1482 1231 1627 1270 literas
1663 1235 1829 1271 nostras

298 1299 498 1348 patentes
529 1296 726 1336 dedimus
760 1300 804 1336 et
835 1298 1135 1347 concessimus,
1166 1295 1415 1336 habendum
1445 1296 1498 1335 ad
1528 1298 1665 1335 totam
1696 1296 1830 1335 vitam

298 1360 432 1412 ipsius
455 1360 605 1410 David,
627 1361 814 1399 amoveri
835 1374 921 1400 non
944 1361 1111 1411 debeat,
1133 1360 1374 1414 placitando
1396 1373 1537 1398 coram
1550 1359 1671 1398 nobis
1685 1372 1831 1413 recog-

297 1424 466 1463 noverit
496 1424 638 1476 ipsum
671 1437 761 1463 esse
782 1424 940 1463 laicum
962 1428 1006 1464 et
1026 1425 1259 1464 asseruerit
1280 1423 1489 1476 hospitale
1511 1423 1764 1475 praedictum
1785 1426 1830 1463 et

298 1488 443 1526 omnia
470 1487 523 1526 ad
544 1487 651 1527 illud
674 1488 942 1541 pertinencia
971 1489 1225 1542 temporalia
1254 1488 1437 1528 existere
1464 1491 1505 1527 et
1537 1487 1724 1526 decimas
1754 1500 1830 1527 seu

300 1551 538 1604 spiritualia
558 1551 699 1604 aliqua
720 1552 773 1591 ad
796 1553 1049 1605 praedictum
1077 1552 1288 1605 hospitale
1316 1552 1564 1591 nullatenus
1596 1552 1829 1604 pertinere,

299 1618 344 1654 et
365 1615 416 1654 de
440 1613 518 1654 hoc
550 1615 596 1654 in
627 1606 960 1668 inquisicionem
986 1617 1133 1669 patriae
1157 1629 1201 1655 se
1223 1615 1427 1668 posuerit,
1448 1628 1496 1654 ac
1516 1628 1591 1667 per
1612 1615 1828 1667 quandam

298 1678 626 1731 inquisicionem
656 1692 731 1731 per
761 1679 938 1719 dilectos
970 1683 1016 1719 et
1046 1679 1193 1719 fideles
1222 1681 1388 1718 nostros
1409 1678 1620 1717 Abbatem
1640 1678 1694 1718 de
1715 1678 1830 1717 Fon-

297 1742 428 1792 tibus,
462 1743 489 1783 J
492 1741 704 1782 ohannem
745 1743 797 1783 de
828 1742 1086 1794 Wodehous‚
1127 1743 1395 1783 Franconem
1435 1741 1488 1781 de
1529 1741 1741 1795 Barneby,
1782 1744 1828 1782 et

298 1804 506 1845 Thomam
539 1807 591 1846 de
625 1806 788 1857 Salcok,
820 1821 925 1860 quos
955 1807 1008 1846 ad
1039 1806 1248 1860 hospitale
1279 1805 1533 1859 praedictum
1564 1806 1827 1845 visitandum

298 1870 625 1923 assignavimus,
659 1884 787 1923 super
818 1871 1073 1910 fundacione
1105 1869 1330 1924 hospitalis
1360 1870 1551 1923 praedicti
1584 1872 1628 1909 et
1649 1869 1827 1909 diversis

297 1933 392 1972 aliis
422 1934 612 1973 articulis
644 1934 810 1974 dictum
841 1933 1052 1988 hospitale
1083 1934 1365 1989 tangentibus
1395 1933 1566 1983 factam,
1588 1936 1633 1973 et
1653 1934 1698 1972 in
1720 1932 1828 1974 Can-

299 1997 468 2036 cellaria
489 2003 632 2037 nostra
648 2002 924 2049 retornatam,
943 2000 999 2038 sit
1015 2002 1281 2051 compertum
1298 1997 1410 2051 quod
1432 1997 1597 2037 dictum
1618 1995 1827 2050 hospitale

298 2061 473 2100 dotatur
509 2062 562 2101 de
598 2063 730 2101 tercia
759 2066 879 2115 parte
910 2063 1087 2103 decimae
1115 2062 1341 2116 garbarum
1374 2062 1554 2101 duarum
1584 2061 1826 2114 placearum

299 2127 424 2164 terrae
455 2125 626 2164 arabilis
652 2127 842 2165 manerio
873 2127 925 2166 de
947 2125 1149 2165 Whitclif
1175 2125 1506 2178 pertinencium,
1538 2128 1583 2164 et
1613 2125 1666 2164 de
1696 2125 1825 2164 certis

298 2188 394 2227 aliis
417 2190 542 2228 terris
574 2189 619 2228 in
651 2190 917 2240 Havercroft,
939 2189 992 2229 de
1018 2190 1173 2242 quibus
1206 2192 1346 2228 custos
1379 2188 1573 2242 ejusdem
1604 2187 1826 2242 hospitalis

299 2251 486 2291 decimas
523 2266 609 2292 non
642 2252 782 2303 solvit,
814 2254 1040 2306 dictusque
1072 2253 1284 2292 Robertus
1315 2266 1454 2292 coram
1486 2252 1648 2291 eisdem
1679 2252 1827 2292 visita-

299 2316 465 2355 toribus
489 2316 751 2356 constitutus
769 2316 939 2370 juratus
961 2320 1005 2356 et
1021 2317 1252 2369 requisitus
1268 2330 1394 2368 super
1414 2316 1569 2369 quibus
1584 2316 1825 2356 elemosinis

301 2382 340 2418 et
361 2380 549 2419 caritatis
567 2380 764 2432 operibus
779 2381 943 2420 dictum
956 2380 1167 2434 hospitale
1181 2379 1400 2430 fundatur,
1415 2380 1524 2419 dixit
1540 2394 1582 2419 36
1596 2381 1825 2434 ignorasse,

303 2446 367 2481 361
388 2443 500 2495 quod
523 2457 605 2482 non
630 2448 731 2482 sunt
754 2444 812 2483 ibi
834 2444 985 2484 fratres
1016 2458 1153 2498 neque
1183 2457 1355 2494 sorores,
1379 2448 1423 2483 et
1443 2444 1488 2483 in
1511 2444 1708 2483 omnibus
1729 2443 1824 2483 aliis

300 2506 491 2545 artic-ulis
512 2507 555 2544 in
575 2507 856 2559 inquisicione
878 2509 1081 2561 praedicta
1103 2507 1353 2560 specificatis
1367 2507 1698 2556 concordaverit,
1713 2507 1826 2546 316111

299 2582 375 2620 per
395 2569 618 2608 recordum
641 2573 685 2609 et
706 2583 947 2622 processum
971 2572 1230 2611 visitacionis
1252 2571 1463 2623 praedictae
1484 2583 1624 2609 coram
1644 2570 1764 2609 nobis
1779 2570 1824 2609 in

300 2632 556 2672 Cancellaria
592 2636 736 2672 nostra
777 2637 1007 2684 retornata,
1045 2648 1224 2687 quorum
1256 2638 1451 2674 tenorem
1482 2633 1598 2673 vobis
1629 2633 1824 2673 misimus

300 2696 377 2735 sub
399 2697 506 2749 pede
531 2696 662 2750 sigilli
685 2697 834 2747 nostri,
856 2698 1024 2750 plenius
1046 2702 1244 2751 apparet,
1277 2712 1352 2751 per
1373 2711 1499 2751 quam
1526 2697 1701 2750 quidem
1722 2711 1824 2736 con-

298 2760 566 2799 cordanciam
589 2760 703 2799 idem
726 2760 938 2800 Robertus
969 2762 1135 2801 dictum
1166 2762 1397 2802 articulum
1428 2762 1662 2801 dotacionis
1692 2762 1824 2801 tercia

297 2826 416 2874 parte
450 2823 711 2863 decimarum
748 2824 1062 2876 praedictarum,
1096 2828 1140 2864 et
1175 2825 1226 2865 de
1260 2826 1386 2865 dictis
1421 2825 1547 2866 terris
1579 2824 1632 2863 de
1665 2825 1822 2877 quibus

298 2885 506 2925 decimam
536 2900 621 2926 non
659 2887 783 2926 solvit
815 2888 1076 2941 recognovit,
1106 2888 1277 2928 6111661
1304 2888 1422 2929 vobis
1451 2902 1501 2928 ex
1527 2890 1646 2941 parte
1677 2891 1821 2927 nostra
