1915 3068
446 141 676 174 EXOERPTS
714 140 841 173 FROM
878 138 1184 181 CIIRONICLES,
1222 139 1316 171 ETC.

106 253 261 306 placila
298 253 350 292 ‹le
395 253 643 292 frist-aforcia
686 256 731 292 et
774 252 908 291 vetito
949 250 1120 300 namio,¹
1160 256 1203 289 et
1246 250 1548 302 inquisiciones
1589 248 1642 287 de

105 318 275 357 teloniis
305 322 349 357 et
379 317 570 366 roboriis,
603 322 644 357 et
683 322 862 356 turnum
899 314 1179 363 vicecomitis,
1211 318 1251 353 et
1288 314 1432 352 omnia
1467 327 1561 365 quae
1590 312 1643 351 ad

109 382 402 421 vicecomitem
445 381 668 435 pertinent
709 394 848 421 coram
900 379 1068 419 ballivis
1111 379 1212 417 suis.
1275 378 1331 416 Et
1373 377 1486 430 quod
1528 377 1642 416 idem

107 445 346 499 capitulum
389 450 433 485 et
474 444 670 485 homines
703 445 756 484 de
795 443 897 484 soka
939 457 1013 482 sua
1048 446 1090 482 et
1127 441 1323 482 homines
1356 441 1461 495 legii
1497 440 1643 480 Sancti

107 509 313 560 wilfridi,
344 509 605 562 ubicumque
641 509 807 549 fuerint
842 508 1096 556 residentes,
1130 507 1217 545 sint
1250 506 1388 559 quieti
1422 505 1474 545 de
1510 504 1643 544 sektis

108 574 351 624 assisarum,
373 574 642 623 comitatum,
663 571 1028 626 wapentakorum,
1042 570 1418 624 tryddyngorum,2
1439 569 1576 623 geldis
1599 574 1644 608 et

107 638 456 690 praestacionibus
493 637 698 676 faciendis
739 636 914 687 domino
955 635 1092 689 Regi3
1130 637 1175 674 et
1208 634 1260 673 de
1298 632 1372 683 tol,
1409 632 1645 686 pontagio,³

105 702 314 755 passagio,
336 702 529 755 pavagio,
548 715 622 754 per
642 704 780 740 totam
802 702 1063 753 potestatem
1086 698 1232 752 Regis,
1250 701 1294 737 et
1310 698 1424 750 quod
1446 695 1644 736 homines

105 765 198 819 ligii
222 767 287 805 sui
311 767 399 805 sint
419 766 620 805 credendi
642 766 695 805 de
713 778 812 805 vero
834 768 877 804 et
899 764 1004 803 falso
1026 763 1220 813 dicendO,
1235 762 1464 815 probando,
1480 765 1556 800 aut
1571 761 1644 801 de-

103 828 334 879 fendendo,
356 830 634 882 ubicumque,
657 833 700 868 et
722 829 767 867 in
796 828 985 880 qualibet
1010 841 1069 877 re,
1091 840 1167 879 per
1191 840 1319 865 suum
1340 838 1404 865 na
1425 825 1493 864 vel
1516 839 1642 864 suum

102 894 192 947 ya,⁴
207 898 253 933 et
268 895 564 948 cognicionem
586 894 841 946 placitorum
862 892 1089 931 assisarum
1113 890 1434 944 emergencium
1451 890 1504 929 de
1520 895 1642 928 tene-

102 958 263 997 mentis
278 957 391 996 infra
405 957 550 997 sokam
564 971 698 996 suam.
742 957 799 995 Et
813 956 925 1008 quod
939 955 1148 994 medietas
1161 955 1214 993 de
1231 953 1390 993 talibus
1404 953 1643 992 numeratis

103 1026 149 1061 et·
162 1022 303 1061 assisis
320 1022 376 1060 sit
397 1021 450 1061 de
472 1021 725 1061 tenentibus
738 1020 873 1073 ipsius
888 1019 1067 1072 capituli
1082 1023 1126 1058 et
1148 1018 1334 1058 ecclesiae
1349 1017 1402 1057 ad
1423 1017 1582 1066 minus,
1598 1020 1643 1056 et

102 1085 254 1125 feriam
277 1099 398 1125 suam
418 1085 532 1138 apud
549 1086 699 1139 Rypon
716 1084 908 1138 quolibet
925 1097 1036 1122 anno
1053 1096 1129 1136 per
1150 1082 1267 1122 diem
1285 1082 1429 1122 Sancti
1451 1081 1641 1119 Wilfridi

104 1150 262 1189 mensis
296 1148 522 1199 Octobris,5
544 1155 587 1189 et
608 1162 684 1202 per
706 1149 811 1188 duos
843 1148 935 1187 dies
966 1150 1067 1186 ante
1093 1151 1137 1186 et
1165 1146 1270 1185 duos
1293 1145 1385 1184 dies
1410 1147 1520 1197 post,
1542 1158 1638 1183 cum

104 1213 303 1253 omnibus
325 1227 419 1266 quae
440 1213 493 1252 ad
515 1212 665 1252 feriam
681 1213 900 1265 pertinent
922 1212 1188 1260 duraturam,
1201 1223 1249 1249 ac
1270 1222 1418 1249 omnes
1441 1213 1572 1248 terras
1596 1212 1640 1247 et

101 1280 369 1327 tenementa,
390 1291 470 1326 res,
492 1277 701 1326 redditus,
723 1275 1021 1329 possessiones,
1044 1277 1088 1314 et
1109 1274 1233 1313 seoda
1260 1287 1347 1323 sua,
1368 1277 1457 1312 tam
1481 1273 1640 1325 impos-

100 1343 243 1380 terum
264 1341 549 1394 perquirenda
569 1354 698 1393 quam
714 1339 806 1393 jam
823 1339 1093 1392 perquaesita,
1108 1338 1161 1377 de
1183 1337 1492 1390 cujuscumque
1514 1336 1638 1376 feodo

97 1404 275 1454 fuerint,
291 1409 383 1445 tam
405 1409 523 1445 extra
544 1403 654 1444 bane
671 1418 816 1443 cruces
834 1417 963 1456 quam
979 1402 1104 1452 infra,
1121 1402 1173 1441 ab
1191 1401 1389 1441 omnibus
1411 1401 1638 1440 servienti-

97 1468 176 1508 bus
197 1468 318 1524 (εἰσ),
342 1470 545 1519 serw'ciis,
559 1468 959 1517 consuetudinibus,
983 1470 1025 1506 et
1042 1467 1183 1516 sectis,
1204 1466 1266 1505 ita
1279 1465 1412 1505 libere
1430 1469 1474 1504 et
1488 1466 1635 1518 quiete

99 1534 210 1573 sicut
231 1534 379 1573 oculus
400 1537 543 1587 potest
565 1533 712 1573 videre
742 1532 812 1572 vel
843 1545 913 1572 cor
944 1531 1132 1585 cogitare
1165 1530 1279 1583 quod
1301 1533 1495 1583 potestas
1517 1530 1635 1584 regia

98 1599 234 1650 possit
255 1598 442 1651 aliquam
464 1611 555 1638 rem
587 1598 725 1651 magis
751 1596 885 1636 libere
917 1598 961 1635 et
995 1595 1135 1634 solute
1167 1594 1377 1644 ordinare,
1399 1594 1514 1644 dare,
1536 1608 1634 1633 con-

99 1661 283 1712 firmare,
309 1667 354 1702 et
384 1663 615 1716 assignare,
637 1661 839 1701 videlicet
870 1661 917 1699 in
954 1660 1095 1712 Ripon
1127 1658 1235 1712 iiijxx
1266 1659 1309 1697 ix
1339 1658 1563 1711 mesuagia
1589 1664 1634 1697 et

101 1725 211 1765 tofta
232 1730 276 1765 et
308 1725 404 1779 xxvj
441 1726 616 1766 bovatas
646 1729 787 1773 terrae,
811 1728 855 1763 et
885 1727 973 1763 tres
1005 1737 1111 1762 acrae
1142 1722 1270 1775 prati,
1293 1725 1337 1761 et
1369 1721 1424 1775 xij
1458 1722 1632 1761 bovatas

100 1791 225 1829 terrae
267 1790 311 1829 in
354 1790 493 1843 Ripon
527 1803 621 1842 quae
654 1792 757 1828 sunt
793 1789 868 1828 dos
902 1787 1107 1828 ecclesiae.
1182 1786 1235 1825 In
1273 1786 1523 1839 Bondegate
1556 1785 1629 1838 viij

97 1854 319 1908 mesuagia
350 1857 394 1894 et
414 1868 439 1893 x
461 1854 633 1894 bovatas
653 1857 793 1902 terrae,
814 1853 860 1892 in
881 1850 1195 1903 Asmunderby,
1217 1849 1246 1903 ij
1270 1854 1487 1889 carucatas
1508 1853 1633 1889 terrae

97 1930 197 1956 cum
218 1917 341 1958 toftis
364 1921 406 1957 et
429 1918 602 1957 nativis.
665 1918 718 1956 In
739 1916 1049 1969 Merkyngton,
1067 1913 1084 1967 j
1125 1917 1366 1953 carucatam
1387 1916 1512 1952 terrae
1533 1926 1633 1952 cum

99 1981 220 2021 toftis
253 1985 297 2021 et
328 1982 500 2021 nativis.
575 1982 628 2021 In
670 1979 945 2034 Ingerthorp,
976 1978 1022 2031 iij
1057 1977 1182 2027 tofta,
1213 1977 1242 2030 ij
1278 1977 1465 2027 bovatas,
1509 1980 1553 2016 et
1584 1977 1630 2029 iij

95 2059 212 2085 acras
250 2049 389 2085 terrae.
466 2046 519 2085 In
551 2043 890 2096 XVallerthwayt,
919 2042 982 2096 iiij
1012 2041 1122 2081 tofta
1150 2045 1195 2081 et.
1230 2055 1312 2080 xxv
1341 2054 1458 2080 acras
1493 2045 1633 2080 terrae.

96 2110 149 2149 In
172 2109 439 2162 Gyuendale,
469 2108 486 2163 j
522 2109 684 2149 toftum
716 2112 761 2148 et
792 2107 856 2161 iiij
890 2107 1064 2147 bovatas
1096 2109 1236 2145 terrae.
1298 2105 1351 2144 In
1385 2105 1562 2157 Newby,
1585 2104 1631 2158 iij

94 2173 214 2213 toftae
250 2176 295 2213 et
316 2187 342 2212 v
363 2174 535 2213 bovatas
563 2177 701 2223 teri-ze,
724 2186 824 2212 cum
845 2171 1065 2211 turbariis.
1130 2171 1182 2209 In
1206 2167 1430 2218 Mulwath,
1453 2169 1630 2208 tertiam

97 2242 264 2291 partem
285 2238 482 2287 manerii,
508 2241 553 2277 et
583 2236 624 2290 ῃ·
660 2250 776 2276 acras=
809 2241 949 2276 terrae.
1011 2235 1065 2274 In
1099 2233 1292 2283 Skelton,
1315 2237 1452 2272 totam
1486 2233 1632 2272 villam

97 2301 143 2340 in
164 2301 355 2341 dominio
376 2304 420 2340 et
441 2301 668 2350 dominico,
692 2301 855 2339 scilicet
877 2299 950 2352 viij
974 2302 1191 2338 carucatas
1214 2302 1338 2336 terrae
1366 2310 1465 2335 cum
1487 2296 1633 2336 liberis

98 2368 142 2404 et
162 2365 320 2405 nativis
343 2365 477 2405 totius
499 2365 625 2404 villae.
668 2365 720 2403 In
743 2363 924 2416 Howyk,
945 2362 1225 2402 medietatem
1246 2361 1384 2400 tocius
1402 2360 1513 2400 villae
1535 2373 1633 2399 cum

170 2477 225 2521 (1)
252 2476 282 2510 F
285 2476 364 2510 resh
390 2476 484 2510 force
510 2476 564 2510 for
589 2475 650 2510 the
675 2486 843 2519 recovery
869 2473 909 2507 of
929 2473 1032 2506 lands
1058 2472 1099 2506 of
1118 2471 1238 2506 which
1266 2483 1332 2505 one
1357 2470 1423 2504 has
1447 2470 1535 2504 been
1563 2469 1633 2504 dis-

96 2527 221 2572 seised,
238 2529 308 2563 and
327 2529 502 2562 unlawful
520 2528 695 2562 distraint.
747 2526 813 2560 See
832 2525 946 2560 Jacob
963 2525 1074 2559 under
1091 2524 1225 2558 ‘Fresh
1237 2524 1244 2535 '
1261 2523 1331 2557 and
1351 2526 1359 2541 ‘
1374 2523 1490 2557 Nam.⁷

170 2582 225 2625 (2)
252 2581 327 2615 The
344 2582 445 2615 three
462 2581 630 2625 trirln‘nys
647 2591 686 2614 or
703 2582 712 2598 ‘
727 2579 881 2624 Ridings
893 2579 900 2589 ¹
918 2578 959 2612 of
980 2577 1189 2612 Yorkshire.

167 2634 223 2678 (3¹)
251 2633 482 2678 Bridge-toll,
505 2632 573 2666 toll
601 2643 646 2666 on
671 2630 829 2676 crossing
853 2635 914 2664 tne
940 2641 1000 2664 sea
1025 2640 1064 2663 or
1088 2634 1192 2675 great
1217 2628 1340 2672 rivers,
1366 2627 1436 2662 and
1461 2631 1631 2673 payment

94 2683 149 2718 for
165 2684 298 2731 paving
316 2685 356 2719 of
377 2689 505 2720 streets
522 2696 561 2718 or
577 2684 775 2729 highways.

169 2738 224 2782 (4)
253 2737 317 2772 See
334 2742 418 2772 note
434 2737 563 2780 beIOW,
580 2748 626 2771 on
643 2736 706 2770 the
723 2735 833 2770 Latin
851 2735 995 2770 chartei·
1012 2732 1128 2769 called
1145 2732 1393 2768 AEthelstfzn's.

169 2789 224 2833 (5)
251 2789 326 2824 The
344 2795 482 2824 nearest
499 2789 567 2824 fair
593 2794 631 2822 to
656 2788 728 2823 this
755 2794 792 2822 at
817 2792 959 2834 present
983 2788 1014 2821 is
1039 2798 1105 2820 one
1131 2798 1175 2820 cn
1201 2785 1263 2820 the
1288 2786 1366 2819 first
1388 2783 1577 2828 Thursday
1594 2783 1630 2817 in

97 2839 307 2876 November.
351 2841 425 2876 The
443 2841 512 2876 fair
529 2853 573 2875 on
591 2841 652 2875 the
669 2841 859 2886 Thursday
876 2840 969 2874 after
986 2840 1133 2883 August
1151 2839 1172 2871 2
1201 2838 1231 2872 is
1248 2837 1442 2871 connected
1460 2836 1550 2870 with
1568 2836 1630 2869 the

98 2892 187 2927 feast
206 2894 246 2928 of
267 2894 327 2928 the
346 2894 508 2939 Natim'ty
525 2895 564 2928 of
587 2894 640 2928 St.
662 2893 839 2927 Wilsrith.
890 2893 956 2927 see
974 2904 1007 2937 p.
1021 2892 1067 2924 35
1086 2903 1118 2925 η,

1817 124 1877 170 53

1682 387 1728 416 Im
1734 397 1762 416 m
1768 389 1835 416 uni-

1681 428 1751 456 ties.

1679 1088 1724 1118 st.
1740 1089 1821 1118 Wil-

1678 1129 1785 1157 frith's
1800 1130 1862 1158 fair

1677 1169 1710 1196 in
1730 1168 1874 1198 October.

1677 1223 1782 1253 Lauda
1797 1226 1860 1254 and

1674 1264 1763 1292 other
1778 1273 1846 1301 pos-

1674 1312 1818 1332 sessione.
