1935 3151
612 144 839 178 ORIGINAL
876 144 1164 177 DOCUMENTs.

174 293 422 329 CLXXXIX.
453 292 768 328 OBLIGATION
801 292 862 327 TO
897 292 1075 327 REPAY
1110 293 1145 326 A
1179 291 1317 326 LOAN
1351 291 1413 326 OF
1448 291 1600 326 FIFTY

792 350 981 386 MARKS.

595 422 787 468 (DURHAM
813 422 1030 466 TREASURY,
1056 422 1178 465 4089.)

210 505 432 546 Universis
465 509 698 559 praesentes
729 504 876 544 literas
907 504 1178 557 inspecturis,
1210 503 1347 543 Adam
1376 503 1430 543 de
1453 502 1654 552 Pinkeni,

120 570 349 609 canonicus
371 569 540 623 Ripon',
563 569 760 609 salutem.
822 568 1037 608 Noveritis
1059 582 1128 607 me
1151 582 1202 608 ex
1223 581 1350 607 causa
1365 568 1507 607 mutui
1524 565 1654 606 michi

120 632 224 673 facti
260 634 399 673 teneri
432 634 606 674 domino
641 631 815 673 Thomae
853 633 905 672 de
940 632 1151 682 Karleolo,
1182 632 1388 686 burgensi
1420 645 1467 671 ac
1498 631 1654 684 Majori

121 697 232 737 Novi
254 696 391 738 Castri
413 711 539 751 super
561 698 742 751 Tynam,
763 697 808 736 in
831 697 1149 750 quinquaginta
1169 697 1322 736 marcis
1350 696 1654 750 sterlingorum

120 759 252 800 michi
273 761 400 814 plene
423 765 468 801 et
495 762 664 815 integre
696 764 1033 801 numeratorum.
1096 760 1161 800 Ad
1184 774 1287 813 quas
1320 760 1495 813 quidem
1526 760 1654 813 quin-

120 826 328 879 quaginta
361 839 537 876 marcas,
571 826 652 865 sibi
678 825 747 865 vel
777 839 852 865 suo
884 829 1003 864 certo
1036 827 1251 864 attornato
1285 838 1360 864 seu
1392 824 1655 877 procuratori

121 888 306 929 fideliter
327 892 372 929 et
392 889 551 943 absque
574 890 662 930 ulla
691 889 966 929 cavillacione
998 888 1219 928 solvendas
1250 888 1363 941 apud
1385 887 1585 928 Dunelm.
1608 888 1654 927 in

120 952 229 993 festo
279 953 596 994 Purificacionis
639 954 784 993 Beatae
824 953 1016 1007 Virginis
1058 953 1174 992 Anni
1216 952 1389 992 Domini
1431 951 1653 991 Millesimi

120 1017 406 1058 ducentesimi
430 1019 754 1072 septuagesimi,
772 1018 915 1073 obligo
937 1031 1005 1057 me
1029 1020 1074 1057 et
1087 1017 1232 1057 omnia
1246 1017 1357 1057 bona
1372 1030 1468 1056 mea
1480 1016 1656 1056 mobilia

121 1084 167 1120 et
187 1081 410 1121 inmobilia
432 1082 694 1135 ubicumque
720 1081 884 1122 fuerint
914 1082 1106 1132 inventa,
1129 1080 1397 1134 subjiciendo
1419 1094 1488 1120 me
1510 1081 1554 1119 in
1576 1078 1654 1119 hac

120 1149 241 1198 parte
252 1145 548 1199 jurisdiccioni
570 1160 617 1186 ac
640 1145 879 1186 cohercioni
902 1144 1214 1199 cujuscumque
1240 1145 1402 1198 judicis
1434 1145 1654 1185 ecclesras—

120 1210 197 1249 tici
218 1224 348 1263 quem
369 1211 509 1250 dictus
532 1211 731 1250 dominus
754 1209 938 1250 Thomas
970 1209 1165 1263 elegerit,
1194 1213 1245 1249 ut
1276 1211 1411 1263 possit
1432 1223 1516 1259 me,
1543 1208 1654 1263 juris

120 1273 268 1314 ordine
290 1288 375 1314 non
407 1275 642 1325 observato,
663 1275 717 1314 ad
738 1275 876 1314 tocius
898 1274 1026 1314 dictae
1049 1274 1243 1326 pecuniae
1267 1274 1529 1313 solucionem
1551 1287 1655 1327 qua-

120 1351 305 1391 cumque
356 1353 535 1379 censura
587 1353 663 1378 seu
703 1337 953 1378 cohercione
996 1337 1268 1391 compellere,
1310 1338 1568 1378 renuncians
1608 1339 1655 1377 in

119 1403 348 1454 praemissis
379 1404 497 1443 omni
528 1402 790 1456 excepcioni,
821 1402 1036 1452 dilacioni,
1068 1402 1346 1452 cavillaeioni,
1368 1406 1413 1442 et
1442 1403 1656 1456 praecipue

120 1479 205 1505 non
226 1471 461 1507 numeratae
483 1468 676 1521 pecuniae
707 1467 965 1506 nominatim
998 1470 1043 1506 et
1075 1480 1285 1519 expresse,
1318 1467 1444 1520 regiae
1466 1465 1656 1519 prohibi-

120 1530 246 1581 cioni‚
270 1532 511 1585 excepcioni
542 1531 644 1581 doli,
665 1531 745 1570 fori
775 1531 1013 1585 privilegio,
1035 1530 1236 1571 omnibus
1268 1530 1405 1570 literis
1428 1531 1655 1584 inpetratis

119 1607 167 1633 ac
188 1594 469 1648 inpetrandis,
493 1600 538 1636 et
559 1596 676 1636 omni
693 1594 804 1648 juris
824 1595 1015 1635 remedio
1047 1595 1160 1648 quod
1182 1593 1315 1634 michi
1336 1595 1550 1648 prodesse,
1574 1595 1654 1636 sibi

121 1671 218 1698 vero
240 1658 385 1699 obesse
408 1660 567 1713 poterit
587 1660 633 1698 in
654 1657 733 1698 hac
754 1662 889 1712 parte.
951 1659 1007 1699 Et
1028 1659 1081 1698 ad
1102 1658 1308 1712 majorem
1340 1659 1654 1712 praemissorum

121 1723 397 1763 securitatem
449 1723 592 1763 eidem
633 1721 904 1776 fidejussores
945 1723 1106 1772 inveni,
1149 1723 1372 1762 dominum
1414 1723 1654 1762 Henricum

121 1785 303 1840 ἕπῃ-γης,
355 1787 556 1838 militem,
609 1790 655 1827 et
694 1786 965 1827 willelmum
1008 1785 1297 1836 Gretheuidd,
1338 1787 1413 1840 qui
1456 1801 1514 1837 se,
1557 1801 1654 1827 suos

119 1848 322 1901 haeredes,
346 1856 606 1901 executores,
629 1854 673 1891 et
703 1851 847 1890 omnia
878 1850 989 1890 bona
1021 1864 1095 1890 sua
1127 1851 1244 1890 dicto
1275 1851 1448 1891 domino
1479 1849 1654 1891 Thomae

119 1914 165 1953 in
186 1914 322 1954 forma
344 1915 565 1969 praelibata
586 1929 672 1955 una
693 1928 865 1954 mecum
896 1915 1071 1968 penitus
1102 1914 1364 1968 obligarunt,
1387 1918 1432 1954 et
1453 1915 1497 1953 in
1520 1914 1655 1954 forma

119 1979 333 2018 consimili
373 1980 491 2019 omni
533 1979 725 2019 remedio
767 1978 848 2018 sibi
889 1979 1176 2032 competituro
1217 1979 1538 2018 renunciarunt.
1600 1979 1654 2018 In

119 2042 241 2095 cujus
271 2044 334 2083 rei
367 2044 668 2083 testimonium
710 2043 817 2083 dicti
856 2043 1127 2095 fidejussores
1161 2042 1301 2096 sigilla
1332 2056 1407 2082 sua
1438 2056 1523 2082 una
1555 2057 1654 2082 cum

119 2107 260 2160 sigillo
290 2121 386 2147 meo
416 2107 699 2161 praesentibus
731 2111 1037 2160 apposuerunt.
1098 2107 1257 2146 Actum
1289 2107 1334 2146 in
1365 2106 1475 2147 festo
1507 2107 1654 2147 Sancti

118 2169 326 2210 ,Iohannis
348 2171 571 2224 Baptistae,
592 2185 704 2211 anno
728 2171 1000 2224 supradicto.¹

209 2233 293 2275 The
323 2234 454 2275 lower
480 2233 667 2288 margyin
703 2238 777 2276 cut
814 2233 1057 2290 into-four
1089 2232 1256 2289 strips:
1289 2233 1356 2274 the
1391 2238 1654 2289 uppermost

117 2297 296 2352 servingy
324 2302 365 2340 to
397 2297 455 2339 tie
484 2313 550 2354 up
583 2298 650 2340 the
681 2298 944 2348 doczmnent;
976 2297 1044 2340 the
1069 2297 1226 2339 second
1248 2297 1327 2339 has
1349 2312 1377 2339 α
1399 2297 1534 2339 small
1556 2298 1654 2339 oval

119 2362 208 2403 seat
238 2362 293 2404 in
323 2362 598 2404 uncolourecl
627 2377 729 2404 waae
759 2362 869 2404 with
889 2363 1066 2417 fissures
1097 2362 1149 2417 of
1174 2362 1239 2404 St.
1269 2361 1451 2417 Wilfricl
1472 2363 1568 2404 aad
1589 2363 1652 2405 St.

120 2425 246 2467 Peter
284 2426 339 2468 ivn
379 2426 543 2478 nielles,
584 2427 680 2469 and
712 2441 742 2468 a
775 2426 980 2481 lmeelinfs
1002 2426 1157 2481 fimare
1190 2426 1346 2476 heimo,-
1378 2438 1526 2468 S·ADE
1545 2441 1554 2450 ·
1573 2438 1653 2467 DE·

120 2500 339 2531 PIxcoNIG·
373 2522 383 2532 .
417 2522 427 2531 .
461 2522 471 2532 .
506 2506 542 2540 .;
576 2489 642 2532 the
664 2490 801 2542 thio-d,
823 2505 853 2533 α
874 2490 1009 2532 small
1030 2489 1398 2532 circularsealin
1411 2505 1654 2545 yreenwax

119 2552 227 2594 with,
257 2568 286 2595 α
316 2554 471 2608 knigyht
502 2569 561 2596 on
594 2554 838 2607 how-sebach,
869 2554 1058 2609 holding]
1089 2570 1156 2611 up
1189 2569 1217 2596 α
1248 2555 1423 2604 sset-ouh
1455 2565 1491 2600 4-
1518 2566 1654 2595 siun,-

120 2628 222 2659 LVM.
256 2630 417 2660 HENRIC
451 2650 637 2661 .....
675 2631 790 2669 TVN3
823 2618 889 2661 the
911 2619 1089 2675 fourth,
1132 2633 1195 2660 cm
1228 2620 1391 2673 Aynus
1422 2618 1506 2659 Dea·
1537 2633 1595 2659 οη
1627 2633 1655 2659 α

120 2681 254 2723 small
282 2681 478 2724 circular
508 2682 598 2724 seal
627 2683 678 2738 of
705 2683 981 2725 uncoloured
1002 2698 1132 2733 ἰυααες
1175 2692 1211 2729 ÷
1243 2694 1278 2724 s.
1300 2694 1521 2723 WJLLELMI
1556 2714 1565 2723 .
1599 2713 1608 2723 .
1646 2716 1655 2725 .

121 2756 365 2788 GRETHEVD.

196 2844 252 2887 (1)
279 2844 389 2880 From
405 2844 480 2880 this
502 2845 588 2880 time
607 2850 645 2880 to
663 2845 881 2882 Candlcmas
906 2847 942 2882 in
967 2847 1030 2882 the
1057 2858 1152 2881 same
1178 2846 1416 2881 ecclesiastica
1432 2857 1517 2891 year
1538 2845 1657 2880 would

126 2894 169 2929 be
197 2907 216 2929 a
243 2896 337 2931 little
363 2909 446 2931 ovcr
470 2897 553 2932 nine
578 2898 733 2933 months.

1791 130 1884 176 2923

1688 514 1756 535 Am.
1774 506 1859 534 1270.

1689 561 1791 590 Adam
1808 563 1846 590 «lo

1690 601 1837 636 Pinkcni,

1689 649 1788 669 canon
1803 641 1837 669 of

1690 679 1804 717 Ripon,
1820 683 1852 709 to

1688 719 1766 748 Tho.
1780 720 1816 748 dc

1690 759 1847 793 Karlfflsso,

1688 807 1799 836 mayor
1814 798 1848 826 of

1688 837 1875 872 Newcastle,

1689 959 1887 996 Candlemas,

1690 1007 1757 1028 mn.
1774 1001 1860 1029 1270.

1689 1347 1743 1376 All
1756 1356 1872 1376 excuse

1689 1388 1875 1416 renouuccd.

1689 1732 1765 1762 Two
1780 1742 1863 1762 surc—

1689 1773 1758 1802 ties.

1690 2117 1845 2146 Midsnm-

1690 2166 1763 2193 mer,

1689 2204 1757 2225 Aa).
1776 2198 1861 2225 1270.
