1935 3151
560 116 786 159 0R1G1N25L
822 126 1110 160 DOCUMENTS.

69 239 227 292 scripto
249 241 396 278 nostro
417 238 471 278 de
493 239 676 291 scriptis,
700 240 745 278 et
776 238 1017 291 specialiter
1048 239 1093 278 in
1116 238 1252 279 forma
1274 239 1477 293 praedicta
1497 253 1598 279 con-

67 302 260 342 cedimus
275 306 320 342 et
341 302 634 355 promittimus
657 316 732 356 pro
753 302 877 342 nobis
909 306 954 342 et
977 303 1290 343 successoribus
1313 304 1470 343 nostris
1492 303 1600 343 bene

69 371 114 406 et
136 367 322 406 fideliter
342 380 389 406 ac
412 367 719 407 inviolabiliter
745 367 1067 421 imperpetuum
1091 367 1328 418 observare,
1349 369 1518 422 exequi,
1541 372 1600 418 et,

69 435 281 484 quantum
303 431 356 470 ad
379 445 454 470 nos
477 434 652 484 spectat,
675 431 821 471 debite
844 436 893 471 ut
915 431 1139 484 praefertur
1159 433 1407 485 adimplere.

157 495 213 534 Et
237 496 271 534 si
293 495 435 534 dictus
458 495 703 548 capellanus
725 499 801 534 aut
823 509 1080 536 successores
1113 497 1176 536 sui
1209 495 1365 537 habere
1387 497 1604 536 voluerint

68 559 113 598 in
135 558 331 598 futurum
354 564 609 611 praesentem
631 564 789 599 cartam
812 564 1071 610 renovatam,
1094 561 1146 601 de
1179 575 1287 601 novo
1321 563 1536 615 scriptam,
1560 567 1604 601 et

68 622 121 662 dc
143 637 251 662 novo
274 623 517 676 sigillatam,
539 637 615 663 nos
639 624 830 676 prsedicti
854 624 974 663 Prior
990 629 1035 664 et
1052 624 1296 665 Conventus
1318 640 1394 679 pro
1415 626 1537 665 nobis
1560 630 1605 665 et

70 687 383 727 successoribus
415 689 573 727 nostris
604 689 875 728 concedimus
907 689 1124 741 capellano
1155 691 1353 730 cantariae
1390 691 1604 743 praedictae

67 755 114 791 et
135 751 445 791 successoribus
468 753 555 791 suis
577 766 651 805 per
673 756 919 805 praesentes,
937 753 1055 792 illam
1077 757 1237 793 cartam
1260 768 1461 794 renovare
1484 758 1529 794 ct
1550 755 1604 793 de

67 829 177 855 novo
201 815 384 856 scribere
406 830 453 855 ac
476 816 677 870 sigillare,
709 816 885 869 praefato
917 817 1135 870 capellano
1166 819 1364 858 cantariae
1390 819 1604 872 praedictze

67 884 112 920 et
128 880 439 920 successoribus
457 880 544 919 suis
559 880 793 920 deliberare
814 895 941 934 super
955 881 1257 922 racionabilem
1274 884 1605 936 requisicionem

68 957 141 997 per
163 944 350 984 eundem
372 944 641 997 capellanum
664 945 865 984 cantari-ae
887 945 1100 998 praedictze
1122 946 1190 985 vel
1213 960 1479 987 successores
1505 961 1604 986 suos

67 1007 188 1048 nobis
220 1009 436 1062 praedictis
469 1008 606 1048 Priori
639 1012 684 1048 et
715 1008 954 1049 Conventui
984 1013 1061 1049 aut
1092 1011 1408 1051 successoribus
1450 1012 1606 1051 nostris

68 1073 169 1113 inde
192 1072 446 1113 faciendam.
507 1073 565 1112 Et
586 1086 662 1112 nos
684 1073 790 1113 dicti
812 1073 933 1113 Prior
955 1077 1000 1113 et
1017 1074 1263 1115 Conventus
1285 1076 1338 1116 ad
1355 1074 1444 1115 haec
1463 1076 1606 1116 omnia

69 1140 114 1176 et
137 1136 308 1191 singula
338 1137 560 1190 praemissa
580 1137 766 1177 fideliter
797 1137 1061 1177 observanda
1081 1138 1321 1192 obligamus
1344 1153 1421 1180 nos
1443 1143 1489 1180 et
1511 1154 1605 1179 suc-

68 1215 256 1241 cessores
277 1205 445 1241 nostros
477 1202 799 1255 imperpetuum
825 1201 1076 1255 juramento
1107 1203 1343 1258 religionis.
1406 1205 1458 1244 In
1480 1203 1604 1258 cujus

67 1266 130 1305 rei
153 1266 453 1306 testimonium
475 1279 551 1305 nos
574 1265 741 1319 praefati
764 1266 887 1306 Prior
909 1270 954 1306 et
976 1266 1222 1307 Conventus
1243 1269 1319 1307 uni
1342 1269 1453 1322 part-i
1475 1267 1606 1322 hujus

68 1334 194 1369 cartae
216 1330 451 1370 indentatae
473 1343 606 1383 penes
629 1329 856 1383 praefatum
871 1331 1140 1384 capellanum
1157 1333 1397 1372 remanenti
1416 1333 1606 1386 sigillum

67 1398 262 1434 nostrum
295 1407 522 1434 commune
563 1395 855 1447 apposuimus,
887 1395 1012 1435 alteri
1044 1410 1143 1436 vero
1174 1397 1285 1450 parti
1317 1395 1449 1450 hujus
1482 1400 1606 1437 cartae

67 1458 304 1498 indentatae
334 1472 465 1512 penes
497 1472 574 1498 nos
605 1458 831 1512 praefatum
862 1459 1055 1499 Priorem
1087 1465 1133 1499 et
1164 1459 1434 1501 Conventum
1466 1475 1606 1501 rema—

68 1524 192 1563 nenti
243 1523 385 1563 dictus
437 1523 681 1577 capellanus
733 1524 932 1564 cantariae
974 1524 1188 1578 praedictae
1242 1525 1435 1579 sigillum
1479 1540 1606 1565 suum

69 1588 283 1640 apposuit.
346 1588 444 1628 Dat.
479 1588 683 1627 vicesimo
714 1591 867 1640 quarto
898 1588 969 1628 die
1001 1589 1163 1628 mensis
1195 1589 1461 1639 Decembris,
1483 1590 1608 1629 Anno

68 1651 242 1691 Domini
284 1652 518 1692 Millesimo
559 1651 989 1706 quadringentesimo
1031 1654 1295 1707 sexagesimo
1337 1657 1467 1694 sexto.
1551 1655 1608 1694 Et

67 1729 178 1756 anno
199 1717 322 1771 regni
343 1717 457 1771 regis
482 1716 674 1755 Edwardi
696 1717 838 1768 quarti
863 1717 1012 1757 sexto.¹

155 1779 388 1820 Eadm-sed
409 1779 463 1820 ‘in
483 1793 513 1820 α
533 1778 803 1820 seventeenth
825 1784 1010 1833 century
1032 1779 1169 1832 hand,
1193 1781 1417 1822 Concessio
1445 1782 1605 1822 Decem

67 1843 307 1884 Marcarum
338 1859 413 1898 per
444 1844 598 1884 Abbat.
621 1842 728 1898 (sic)
751 1847 795 1884 et
827 1844 1097 1885 Conventum
1127 1846 1180 1886 de
1213 1846 1475 1898 Pontefract,
1498 1847 1606 1888 Can-

67 1909 184 1949 tariae
206 1909 252 1949 In
274 1909 463 1949 Ecclesia
484 1908 770 1962 Ripon’.-—H.
795 1911 865 1949 42.

66 2064 284 2101 LXXXIII.
315 2065 644 2101 FOUNDATION
677 2065 740 2099 OF
773 2065 878 2100 THE
913 2066 1162 2101 CHANTRY
1194 2067 1256 2101 OF
1290 2066 1356 2102 ST.
1387 2068 1604 2104 GEORGE.

564 2139 853 2183 (DARNBROUGH
879 2140 957 2174 MS.
984 2141 1129 2186 xxxix.)

158 2210 218 2250 To
240 2210 297 2250 all
318 2214 447 2250 trewe
470 2210 642 2251 Cristen
665 2211 823 2264 People
852 2211 905 2251 be
926 2215 975 2264 yt
991 2211 1171 2252 knowne
1193 2211 1287 2252 who
1308 2211 1409 2266 thys
1431 2217 1607 2266 present

66 2275 351 2327 composicion
404 2274 620 2314 Indented
663 2273 771 2314 shall
815 2288 874 2324 se,
916 2276 1032 2326 rede,
1074 2290 1120 2315 or
1162 2277 1444 2327 understand,
1486 2277 1602 2318 John

69 2337 267 2391 Radclyff
292 2339 374 2378 and
399 2338 530 2378 Rauff
556 2339 688 2391 Batty
720 2339 936 2391 Esquyers
970 2338 1144 2379 sendith
1176 2345 1377 2395 gretyng.
1442 2341 1603 2382 Knowe

65 2415 118 2454 ye
140 2400 236 2441 that
256 2401 396 2442 where
417 2401 494 2441 the
519 2403 609 2442 said
631 2402 746 2443 John
765 2403 968 2456 Radclyff
983 2404 1067 2443 and
1090 2404 1230 2458 Bryan
1249 2405 1407 2458 Batty²
1422 2405 1541 2446 fader
1558 2410 1603 2446 to

66 2463 141 2505 the
164 2466 280 2506 saide
303 2465 436 2505 Rauff
452 2465 618 2505 whoose
653 2466 769 2505 soule
801 2467 884 2520 god
906 2467 1083 2520 pardon,
1106 2467 1296 2523 thrughe
1319 2468 1395 2509 the
1428 2469 1528 2523 help
1561 2470 1607 2509 of

67 2527 181 2568 John
214 2560 224 2569 .
258 2560 268 2570 .
302 2530 332 2570 ‚³
362 2531 497 2584 preist
518 2544 626 2569 were
648 2530 958 2570 condescendid
976 2532 1086 2572 ande
1105 2533 1251 2572 stirrid
1272 2532 1375 2572 with
1397 2533 1601 2573 devocion

140 2624 196 2667 (l)
223 2624 309 2659 This
327 2624 357 2659 is
374 2629 438 2659 not
455 2636 499 2659 an
518 2624 637 2659 actual
654 2624 855 2667 indenture,
872 2624 939 2659 but
956 2625 1070 2660 either
1099 2639 1120 2661 a
1149 2627 1247 2662 draft
1276 2639 1316 2661 or
1332 2640 1377 2661 an
1395 2627 1491 2673 early
1510 2640 1600 2674 copy

66 2675 168 2710 made
185 2688 230 2710 on
247 2681 320 2711 two
338 2677 456 2711 sheets
485 2677 525 2711 of
546 2689 654 2723 paper
681 2677 749 2711 and
776 2677 930 2712 stitched
957 2679 1135 2724 together,
1153 2680 1356 2726 measuring
1373 2680 1409 2714 in
1426 2681 1474 2714 all
1492 2680 1601 2714 about

67 2727 132 2761 3ft.
151 2728 221 2762 6in.
240 2728 286 2774 by
305 2730 369 2764 lft.
388 2730 498 2775 33in„
515 2730 671 2774 decayed
690 2730 760 2763 and
778 2735 858 2764 torn
877 2735 915 2764 at
932 2731 992 2765 the
1011 2737 1084 2778 top.

140 2781 197 2822 (2)
223 2781 332 2815 Brian
350 2782 462 2828 Batty
478 2782 615 2816 alludes
632 2786 671 2815 to
689 2781 762 2816 this
779 2782 932 2829 chantry
949 2783 985 2817 in
1003 2784 1057 2818 his
1075 2784 1280 2819 wilt—See
1298 2785 1481 2818 Adclmzdn.

129 2833 210 2919 d(331
226 2833 315 2868 Lest
339 2833 448 2869 blank
471 2834 507 2869 in
533 2834 626 2878 MS„
651 2834 712 2869 the
737 2835 877 2881 copyist
903 2837 1116 2882 apparently
1140 2836 1273 2882 having
1297 2836 1384 2871 been
1410 2837 1536 2872 unable
1561 2842 1600 2873 to

68 2895 127 2919 rea
169 2890 181 2918 t
212 2897 230 2920 e
248 2897 362 2921 name.

1740 113 1829 159 181

1636 243 1702 273 this
1718 244 1800 273 their

1637 284 1825 321 obligation.

1637 497 1704 525 The
1716 498 1812 534 chap-

1638 536 1700 565 lain
1718 546 1792 574 may

1639 577 1721 605 have
1737 577 1789 604 the

1639 616 1765 644 charter
1781 624 1826 645 re-

1639 655 1757 684 newed.

1641 1080 1832 1116 Obligation

1640 1121 1682 1159 by
1699 1121 1785 1149 oath.

1640 1203 1707 1233 The
1723 1204 1831 1232 indeu-

1642 1246 1713 1272 ture
1728 1243 1830 1272 svnled

1642 1283 1684 1321 by
1702 1284 1778 1312 both

1641 1323 1767 1359 parties.

1642 1595 1715 1624 Dec.
1731 1597 1778 1630 24,

1640 1642 1710 1665 ΑΛ).
1729 1636 1815 1664 14116.

1637 2230 1705 2252 ΑΛ).
1726 2225 1810 2253 1521.

1637 2278 1722 2308 John

1638 2318 1792 2356 Ram-lyr?

1638 2358 1698 2386 and
1716 2357 1813 2387 Rauff

1637 2396 1746 2435 Batty.

1637 2437 1793 2466 founders.
