1955 3068
71 130 168 176 124

71 264 162 301 They
177 271 229 292 are

71 302 272 332 commended
312 321 319 328 .

73 343 116 380 by
133 342 186 371 the

72 381 161 419 king.

76 841 122 870 To
137 841 216 870 elect
233 849 252 869 a

76 883 213 919 provost,

78 1229 139 1258 and
154 1229 236 1257 have

78 1278 97 1297 a
112 1277 254 1297 common

78 1308 153 1338 seal.

87 2123 118 2152 A
133 2123 192 2152 site
208 2131 256 2151 as-

88 2163 201 2199 signed
216 2162 263 2191 for

88 2201 141 2230 the
157 2210 226 2230 new

91 2240 223 2270 Bedern.

792 140 1067 174 MEMORIALS
1103 140 1161 173 OF
1197 140 1355 173 RIPON.

389 255 478 296 Nos
491 269 605 306 vero,
617 254 844 295 honestam
861 253 1230 293 conversacionem
1245 256 1287 292 et
1303 253 1549 292 continuam
1565 252 1841 292 devocionem

307 334 499 373 ipsorum
521 321 774 360 vicariorum
795 319 869 371 qui
892 317 1080 357 ecclesiae
1101 317 1316 370 praedictae
1337 317 1383 355 in
1404 316 1553 369 majori
1569 320 1688 369 parte
1702 316 1842 355 indies

309 385 527 424 sustinent
574 384 742 437 pondus
783 382 869 422 diei
921 384 966 420 et
1006 384 1150 430 aestus,
1192 381 1347 420 merito
1387 380 1754 430 commendantes,
1794 392 1842 418 ac

307 449 474 502 praefati
510 447 830 501 Archiepiscopi
871 450 915 486 et
949 446 1131 485 aliorum
1166 446 1237 499 pia
1269 446 1486 498 proposita
1518 445 1578 484 eis
1615 444 1842 484 subvenire

308 512 550 552 volencium
570 524 817 565 promovere
839 509 1103 560 affectantes,
1120 510 1173 549 ob
1196 510 1404 549 sinceram
1423 508 1699 549 affeccionem
1714 521 1843 561 quam

309 577 362 616 ad
393 577 624 630 gloriosum
657 574 941 615 confessorem
973 574 1181 614 Sanctum
1200 573 1451 613 wilfridum
1472 573 1517 612 in
1540 572 1717 612 ecclesia
1737 586 1844 625 prae-

309 641 425 680 dicta
450 639 679 680 humatum
703 639 895 693 gerimus
927 641 972 678 et
1002 636 1223 687 habemus,
1245 638 1298 677 de
1324 637 1465 691 gracia
1495 640 1640 676 nostra
1672 637 1843 690 speciali

311 705 595 744 concessimus
610 717 685 757 pro
699 702 821 742 nobis
839 706 883 742 et
900 700 1141 742 haeredibus
1158 702 1553 754 nostris,quantum
1566 701 1611 739 in
1625 700 1748 740 nobis
1764 704 1844 750 est,

310 769 423 822 quod
454 769 587 808 iidem
619 782 691 808 sex
722 767 869 806 vicarii
901 769 945 806 et
977 779 1239 806 successores
1269 767 1336 805 sui
1362 765 1505 805 vicarii
1529 765 1717 804 ecclesiae
1738 778 1845 817 prae—

310 833 450 884 dictae,
472 833 524 873 de
548 847 591 873 se
612 833 715 885 ipsis
746 845 884 870 unum
914 834 1248 884 procuratorem,
1272 830 1475 883 quociens
1507 831 1551 868 et
1582 828 1751 881 quando
1784 829 1844 868 eis

311 897 519 949 placuerit
541 900 585 936 et
607 895 824 935 videbitur
847 894 1062 947 expedire,
1085 893 1244 947 eligere
1274 894 1454 947 possint,
1477 893 1551 946 qui
1572 906 1729 932 nomen
1750 905 1847 945 pro-

312 961 518 1000 curatoris
541 960 796 999 vicariorum
823 958 1013 998 ecclesiae
1036 958 1161 997 Beati
1185 958 1306 997 Petri
1339 957 1493 1010 Ripon'
1524 957 1846 1010 imperpetuum

311 1028 448 1079 gerat,
471 1028 516 1064 et
536 1023 615 1063 hoc
638 1023 766 1076 juxta
787 1022 1105 1062 ordinacionem
1125 1035 1201 1074 per
1223 1022 1337 1074 ipsos
1359 1022 1405 1060 in
1426 1020 1505 1060 hac
1528 1024 1663 1073 parte,
1685 1020 1845 1073 absque

312 1089 456 1142 aliqua
481 1088 661 1127 licencia
691 1086 809 1140 regia
841 1085 909 1125 vel
940 1099 1116 1125 assensu
1148 1085 1249 1125 inde
1280 1084 1528 1137 aliqualiter
1560 1084 1747 1137 petenda
1779 1082 1846 1123 vel

313 1152 549 1207 optinenda
568 1150 830 1191 faciendum.

403 1216 612 1269 (Quodque
653 1215 788 1254 iidem
828 1216 1074 1267 procurator
1115 1216 1160 1253 et
1201 1213 1348 1253 vicarii
1390 1215 1434 1253 et
1476 1225 1738 1252 successores
1781 1211 1847 1251 sui

314 1280 504 1320 habeant
524 1293 662 1319 unum
684 1291 911 1317 commune
942 1277 1134 1331 sigillum
1153 1277 1162 1300 ¹
1186 1291 1261 1330 pro
1282 1277 1472 1331 negociis
1495 1280 1539 1316 et.
1559 1276 1737 1330 agendis
1760 1276 1847 1315 suis

315 1345 602 1391 serviturum3
629 1346 674 1382 et
696 1342 809 1395 quod
832 1342 920 1381 sint
941 1355 1130 1394 personae
1151 1340 1332 1391 habiles,
1354 1354 1542 1394 capaces,
1565 1345 1609 1380 et
1628 1344 1848 1393 perpetuae

314 1410 367 1449 ad
399 1407 735 1462 impetrandum,
767 1406 1076 1459 recipiendum,
1113 1409 1157 1445 et
1188 1405 1516 1458 adquirendum,
1548 1405 1722 1444 nomine
1754 1417 1850 1457 pro-

314 1473 521 1513 curatoris
553 1476 598 1512 et
629 1471 883 1510 vicariorum
925 1469 1116 1509 ecclesiae
1159 1470 1284 1509 Beati
1325 1469 1446 1509 Petri
1489 1468 1657 1522 Ripon’‚
1698 1472 1849 1518 terras,

314 1538 580 1586 tenementa,
621 1534 925 1588 possessiones,
968 1536 1013 1572 et
1055 1533 1349 1573 emolumenta
1381 1532 1620 1586 spiritualia
1651 1536 1696 1572 et
1735 1535 1849 1571 tem-

317 1600 477 1654 poralia
508 1611 788 1652 quaecunque,
821 1611 846 1636 a
877 1597 1207 1650 quibuscunque
1238 1597 1445 1650 personis,
1467 1600 1558 1636 tam
1579 1596 1697 1636 laicis
1719 1609 1850 1648 quam

318 1663 631 1713 ecclesiasticis,
654 1662 834 1701 licencia
854 1661 971 1715 regia
992 1661 1194 1714 primitus
1226 1661 1417 1711 obtenta,
1439 1660 1542 1700 licet
1563 1661 1615 1700 de
1636 1660 1759 1700 nobis
1783 1658 1851 1698 vel

318 1728 559 1768 haeredibus
591 1727 746 1766 nostris
779 1729 1011 1765 teneantur
1043 1725 1204 1764 eisdem
1234 1725 1497 1778 procuratori
1529 1728 1574 1764 et-
1605 1724 1773 1763 vicariis
1806 1726 1851 1763 et

321 1791 634 1833 successoribus
668 1791 755 1830 suis
787 1790 833 1829 in
864 1790 1127 1842 proprietate
1159 1789 1416 1842 possidenda
1446 1789 1780 1842 imperpetuum,
1803 1800 1851 1826 ac

323 1858 457 1897 eciam
488 1856 541 1895 ad
562 1854 910 1908 prosequendum
942 1867 1090 1893 eorum
1122 1854 1312 1903 nomine,
1334 1853 1597 1892 omnimodas
1628 1865 1775 1891 causas
1807 1855 1852 1890 et

325 1922 518 1960 acciones
551 1919 698 1968 reales,
721 1917 979 1971 personales,
1001 1920 1045 1957 et
1066 1917 1234 1967 mixtas,
1256 1916 1548 1970 cujuscunque
1574 1917 1742 1970 generis
1765 1916 1853 1954 sint

322 1985 391 2024 vel
422 1987 603 2034 naturae,
635 1986 680 2021 et
710 1982 763 2021 ad
794 1980 1140 2034 respondendum
1172 1985 1217 2020 et
1247 1981 1567 2021 defendendum
1599 1981 1644 2019 in
1676 1979 1852 2030 eisdem,

322 2062 463 2088 coram
478 2046 700 2100 judicibus
724 2045 994 2085 saecularibus
1016 2048 1061 2084 et
1084 2045 1383 2085 ecclesiasticis
1404 2045 1744 2098 quibuscunque.

414 2112 470 2151 Et
491 2111 689 2160 ulterius,
712 2110 764 2149 de
787 2109 983 2148 uberiore
1005 2110 1148 2162 gracia
1168 2113 1314 2148 nostra
1334 2109 1633 2158 concessimus,
1656 2112 1701 2147 et
1721 2108 1854 2147 licen-

323 2177 433 2216 ciam
470 2175 683 2224 dedimus,
719 2187 795 2226 pro
828 2172 951 2212 nobis
987 2176 1032 2212 et
1073 2171 1314 2212 haeredibus
1351 2173 1523 2223 nostris,
1560 2175 1771 2225 quantum
1807 2172 1853 2210 in

323 2241 446 2280 nobis
483 2242 562 2288 est,
599 2237 775 2291 praefato
814 2235 1178 2289 Archiepiscopo;
1222 2236 1335 2290 quod
1373 2237 1463 2289 ipse
1506 2250 1603 2275 cum
1645 2248 1854 2275 consensu

325 2304 503 2357 capituli
538 2302 724 2342 ecclesiae
756 2299 1014 2340 cathedralis
1047 2301 1170 2340 Beati
1201 2301 1320 2340 Petri
1352 2300 1478 2339 Ebor.
1511 2300 1724 2353 quandam
1760 2312 1854 2351 par-

325 2368 476 2408 cellam
508 2371 632 2406 terrae
661 2379 759 2405 cum
786 2364 1065 2417 pertinenciis
1092 2364 1137 2403 in
1164 2363 1331 2417 Ripon',
1354 2364 1649 2403 coutinentem
1678 2366 1854 2402 centum

327 2436 369 2472 et
403 2431 685 2484 quadraginta
714 2429 843 2482 pedes
872 2429 916 2467 in
953 2428 1240 2481 longitudine,
1273 2432 1317 2467 et
1351 2428 1572 2481 sexaginta
1607 2430 1653 2466 et
1689 2430 1854 2479 septem

327 2496 455 2549 pedes
478 2495 522 2533 in
545 2493 791 2543 latitudine,
813 2506 906 2545 quac
938 2492 990 2531 de
1022 2492 1143 2531 nobis
1164 2496 1340 2532 tenetur
1362 2492 1407 2530 in
1430 2492 1585 2544 capite,
1607 2494 1658 2529 ut
1679 2490 1854 2538 dicitur,

328 2560 427 2600 dare
459 2559 592 2611 possit
614 2561 658 2597 et
679 2557 894 2609 assignare
917 2555 1104 2608 praefatis
1126 2556 1387 2609 procuratori
1419 2568 1465 2594 ac
1493 2554 1674 2603 vicariis,
1695 2552 1856 2592 haben-

330 2624 429 2662 dam
451 2625 494 2662 et
521 2621 754 2660 tenendam
787 2619 867 2658 sibi
900 2623 944 2658 et
976 2619 1289 2658 successoribus
1322 2619 1424 2668 suis,
1453 2631 1528 2670 pro
1559 2615 1748 2670 hospicio
1781 2629 1855 2655 suo

327 2686 436 2726 inibi
487 2683 771 2725 construendo
811 2684 1146 2735 imperpetuum.
1208 2682 1265 2721 Et
1306 2682 1468 2722 eisdem
1509 2681 1769 2734 procuratori
1812 2682 1857 2718 et

402 2790 457 2833 (1)
484 2788 576 2833 Only
595 2799 661 2822 one
687 2785 891 2831 impression
921 2785 960 2818 of
983 2785 1055 2819 this
1072 2785 1145 2819 scal
1172 2785 1203 2818 is
1232 2785 1363 2819 known
1390 2788 1429 2818 to
1454 2784 1515 2818 the
1532 2782 1671 2825 Editor,
1688 2782 1757 2816 and
1775 2782 1855 2816 that

328 2854 372 2876 an
401 2841 586 2887 imperfect
603 2851 681 2874 one.
733 2839 765 2872 It
785 2838 813 2872 is
832 2837 997 2872 attached
1016 2842 1053 2871 to
1071 2837 1130 2870 the
1160 2837 1344 2872 indcnturc
1369 2837 1424 2871 sor
1443 2836 1502 2870 the
1529 2835 1605 2870 obit
1629 2835 1781 2869 founded
1806 2833 1853 2879 by

328 2894 482 2928 Thomas
501 2892 689 2935 Bakhmvs,
710 2901 778 2925 ,1.1).
801 2891 902 2934 1515,
923 2889 1037 2924 where
1064 2902 1117 2923 sec
1136 2895 1226 2923 note,
