1955 3068
580 153 805 186 ORIGINAL
843 151 1130 184 DOCUMENTS.

89 279 458 321 quorumcumque
483 266 751 306 subditorum
775 269 1018 305 nostrorum
1041 263 1149 303 infra
1172 261 1405 317 parochias,
1429 262 1557 311 vicos,
1580 267 1621 301 et

89 331 178 371 loca
209 332 253 370 in
285 330 441 384 quibus
467 330 715 384 j11risdictio
746 344 820 384 per
848 343 920 369 vos
954 342 1028 368 seu
1061 341 1338 381 praecessores
1362 330 1524 366 vestros
1549 330 1623 365 aut

88 395 261 435 illorum
297 395 536 448 respective
570 394 882 435 commissarios
924 392 1193 446 temporibus
1236 391 1459 431 retroactis
1503 403 1623 430 exer-

87 460 277 510 cebatur,
299 473 345 499 ac
367 462 483 499 recte
510 459 695 499 exerceri
728 458 868 512 potuit
902 461 946 497 et
978 455 1214 508 consuevit,
1247 455 1372 505 bona,
1398 454 1511 509 jura,
1536 455 1624 493 sive

88 524 252 564 credita
283 537 370 563 non
404 523 519 563 ultra
553 536 766 563 summam
802 525 980 562 centurn
1014 521 1233 572 librarum,
1265 521 1364 560 vitae
1397 523 1441 559 et
1472 519 1624 558 mortis

89 601 262 627 suarum
283 591 477 640 tempore
499 587 764 635 labentium3
786 599 953 626 necnon
984 585 1385 625 administraciones
1415 583 1624 623 bonorum

88 664 456 705 quorumcumque
481 651 753 691 subditorum
774 654 1019 690 nostrorum
1041 649 1151 689 infra
1173 647 1406 702 parochias,
1429 648 1557 697 vicos,
1580 651 1625 687 et

88 715 178 756 loca
211 715 415 769 praedicta
446 715 499 755 ab
535 715 745 756 intestato
781 715 1098 764 decedentium,
1136 726 1319 767 quorum
1361 713 1484 763 bona,
1511 711 1624 765 jura,

91 780 179 819 sive
221 779 384 819 credita
421 792 507 819 non
548 779 661 818 ultra
703 792 914 819 summam
956 778 1203 831 praedictam
1246 778 1345 816 vitae
1388 780 1432 816 et
1473 776 1624 815 mortis

88 843 322 883 eorundem
336 856 703 896 quorumcumque
719 843 988 882 subditorum
1006 845 1248 881 nostrorum
1265 841 1375 880 infra
1392 838 1625 894 parochias,

88 908 219 957 vicos,
242 911 286 947 et
307 907 398 947 loca
418 907 622 960 praedicta
642 907 695 946 ab
717 907 928 946 intestato
949 906 1255 945 decedentium
1287 918 1468 958 quorum
1500 904 1624 954 bona,

82 970 194 1025 jura,
219 972 306 1011 sive
328 971 490 1011 credita
511 984 597 1011 non
618 971 733 1010 ultra
755 984 967 1010 summam
988 970 1236 1023 praedictam
1268 969 1367 1008 vitae
1400 971 1443 1008 et
1476 969 1626 1007 mortis

89 1036 322 1076 eorundem
344 1040 538 1088 tempore
571 1048 662 1075 sese
696 1035 948 1084 extendent,
970 1038 1186 1087 quatenus
1209 1032 1456 1087 hujusmodi
1489 1036 1624 1072 testa-

88 1103 333 1139 mentorum
365 1100 572 1153 probatio,
604 1099 867 1153 approbatio,
900 1102 945 1138 et
976 1099 1226 1147 insinuatio,
1257 1102 1387 1150 atque
1419 1097 1625 1136 adminis-

88 1165 287 1204 tracionis
309 1164 554 1204 commissio
575 1177 650 1217 per
672 1177 744 1203 vos
779 1176 855 1202 seu
887 1176 1163 1216 praecessores
1194 1165 1357 1201 vestros
1379 1164 1455 1200 aut
1478 1175 1626 1200 eorum

88 1229 400 1268 commissarios
432 1228 699 1281 temporibus
730 1227 950 1267 retroactis
972 1226 1102 1266 fiebat
1132 1239 1178 1266 ac
1210 1226 1303 1265 fieri
1335 1230 1380 1265 et
1410 1225 1625 1264 committi

89 1293 233 1346 potuit
265 1296 308 1332 et
350 1296 495 1346 potest
527 1293 571 1331 in
606 1292 822 1345 praesenti,
857 1294 901 1331 et
942 1304 1027 1330 non
1068 1291 1206 1340 aliter,
1247 1289 1625 1339 committendum,

89 1356 384 1410 calculumque
407 1359 451 1396 et
472 1356 747 1396 ratiocinium
768 1360 898 1408 atque
920 1355 1002 1394 alia
1023 1355 1068 1394 in
1090 1368 1140 1394 ea
1161 1358 1280 1407 parte
1296 1354 1625 1407 expediendum,

90 1425 453 1474 praesentatosque
505 1420 557 1460 ad
599 1420 805 1460 beneficia
855 1419 1139 1459 ecclesiastica
1182 1431 1464 1472 quaecumque
1515 1417 1625 1456 infra

84 1485 434 1539 jurisdictionem
476 1484 725 1538 praedictam
765 1484 1016 1533 constituta,
1061 1483 1096 1522 si
1129 1483 1182 1522 ad
1218 1496 1364 1522 curam
1409 1481 1625 1522 beneficiis

91 1548 338 1602 hujusmodi
360 1549 663 1588 imminentem
691 1548 989 1588 sustinendam
1020 1546 1184 1587 habiles
1205 1547 1364 1600 reperti
1386 1546 1550 1586 fuerint
1583 1549 1627 1585 et

91 1614 250 1664 idonei,
281 1617 325 1653 et
350 1627 436 1653 non
465 1613 607 1662 aliter,
633 1612 970 1661 admittendum,
996 1626 1043 1651 ac
1074 1612 1118 1651 in
1145 1617 1190 1650 et
1218 1611 1271 1651 de
1294 1611 1474 1651 eiisdem
1501 1611 1627 1649 insti-

91 1678 307 1718 tuendum
339 1682 384 1717 et
415 1677 753 1726 investiendum,
775 1690 822 1716 ac
853 1677 1001 1725 etiam,
1024 1674 1080 1729 (si
1113 1689 1179 1715 res
1211 1676 1273 1715 ita
1305 1674 1470 1729 exigat)
1491 1674 1626 1714 desti-

91 1742 321 1792 tuendum,
362 1741 653 1794 beneficiaque
694 1740 983 1780 ecclesiastica
1023 1753 1304 1793 quaecumque
1346 1739 1400 1778 ad
1441 1742 1626 1778 vestram

91 1806 365 1846 collacionem
389 1806 476 1845 sive
499 1805 827 1858 disposicionem
844 1805 1079 1857 spectantia
1099 1807 1138 1843 et
1159 1804 1423 1856 pertinentia
1436 1802 1626 1855 personis

93 1872 255 1911 idoneis
277 1870 598 1920 conferendum,
621 1868 877 1921 easdemque
901 1869 946 1907 in
978 1868 1134 1907 realem
1167 1872 1208 1906 et
1242 1867 1501 1920 corporalem
1533 1880 1625 1919 pos-

94 1936 326 1975 sessionem
358 1933 607 1982 eorundem,
634 1931 886 1985 juriumque
918 1936 961 1971 et
995 1932 1311 1984 pertinencium
1335 1944 1509 1970 suorum
1532 1931 1628 1969 uni-

93 2012 311 2039 versorum
352 1997 645 2038 inducendum
676 2009 724 2034 ac
757 1996 815 2035 sic
848 1996 1006 2035 induci.
1071 1995 1116 2035 Si
1149 2000 1191 2035 et
1224 2000 1438 2048 quatenus
1463 1994 1537 2047 jus
1569 1995 1628 2033 sic

93 2063 369 2113 instituendi,
386 2061 650 2110 conferendi,
668 2063 713 2099 et
733 2059 982 2110 inducendi,
999 2060 1113 2113 apud
1131 2073 1203 2099 vos
1225 2060 1340 2099 inter
1355 2071 1628 2112 praecessorcs

94 2131 257 2166 vestros
279 2140 481 2166 eorumve
503 2124 813 2165 commissarios
834 2122 1042 2163 hactenus
1060 2124 1187 2163 fuerit
1212 2127 1253 2162 et
1278 2137 1362 2162 non
1384 2123 1525 2172 aliter,
1538 2126 1628 2161 tam

95 2192 140 2231 in
178 2191 347 2244 scriptis
384 2204 511 2243 quam
546 2188 688 2238 verbo,
717 2187 960 2227 faciendum
998 2192 1041 2227 et
1075 2188 1397 2235 mandandum3
1429 2187 1494 2226 AD
1526 2197 1628 2226 VISI-

95 2265 273 2295 TANDUM
287 2255 461 2307 insuper
479 2267 552 2307 per
570 2253 711 2292 onmia
729 2256 773 2291 et
790 2251 957 2305 singula
976 2252 1063 2290 loca
1083 2252 1363 2291 ecclesiastica
1382 2251 1629 2304 clerumque

97 2323 141 2358 et
162 2318 369 2372 populum
386 2316 698 2371 parochiarum,
716 2317 923 2364 vicorum,
938 2320 978 2354 et
996 2316 1182 2355 locorum
1202 2315 1516 2369 praedictorum,
1531 2329 1631 2354 nec-

96 2396 180 2422 non
213 2383 266 2422 ad
297 2382 603 2435 inquirendum
635 2394 710 2434 per
741 2393 827 2428 VOS,
859 2379 1008 2429 alium,
1040 2393 1116 2419 seu
1146 2380 1251 2419 alios
1282 2379 1334 2419 ad
1372 2379 1415 2419 id
1450 2393 1525 2432 per
1558 2393 1630 2417 vos

97 2445 395 2499 deputandum
418 2446 505 2484 sive
529 2443 796 2497 deputandos
828 2457 954 2496 super
985 2457 1353 2496 quorumcumque
1375 2442 1630 2491 excessibus,

97 2510 355 2559 defectibus,
386 2508 657 2557 criminibus,
700 2520 776 2546 seu
811 2506 981 2546 delictis
1023 2507 1364 2560 quibuscumque
1406 2507 1458 2546 ad
1491 2506 1629 2545 forum

99 2574 437 2614 ecclesiasticum
471 2572 764 2626 spectantibus
787 2571 896 2610 infra
921 2571 1268 2624 jurisdictionem
1301 2571 1561 2624 praedictam,
1583 2583 1630 2609 ac

99 2638 402 2691 delinquentes
425 2638 512 2677 sive
534 2636 796 2684 criminosos,
812 2635 938 2688 juxta
957 2639 1173 2688 comperta
1191 2649 1266 2688 per
1284 2649 1354 2673 vos
1376 2635 1419 2673 in
1444 2648 1490 2674 ea
1509 2639 1630 2687 parte

99 2715 173 2755 per
195 2701 390 2755 legitima
405 2700 517 2754 juris
539 2700 672 2739 nostri
697 2699 974 2738 ecclesiastici
1005 2699 1208 2748 remedia,
1230 2712 1304 2751 pro
1334 2698 1458 2737 modo
1480 2697 1630 2750 culpae,

99 2779 147 2805 ac
169 2771 296 2819 prout
318 2769 471 2804 natura
491 2768 569 2804 aut
599 2763 782 2816 qualitas
814 2762 962 2802 delicti
994 2763 1229 2816 poposcerit
1253 2761 1565 2801 cohercendum
1588 2766 1629 2800 et

100 2829 384 2882 puniendum,
405 2828 724 2882 procurationes
745 2840 913 2880 quoque
936 2827 970 2866 si
993 2840 1086 2880 quae
1108 2826 1355 2880 hujusmodi
1372 2826 1634 2865 visitacionis

101 2894 266 2932 ratione
299 2892 539 2932 debeantur
572 2896 613 2931 et
648 2889 855 2930 hactenus
889 2890 991 2930 solvi
1015 2891 1312 2929 consueverint
1339 2894 1378 2929 et
1404 2903 1488 2928 non
1511 2889 1635 2928 aliter

1764 137 1855 181 nm

1657 598 1807 627 adminis-

1657 637 1772 666 tration
1791 637 1825 666 of

1657 677 1762 705 effects
1778 678 1812 704 os

1659 716 1832 753 inu-states,

1658 1435 1707 1469 pat
1715 1440 1787 1460 rona
1815 1442 1830 1459 e

1658 1472 1692 1499 of
1712 1472 1800 1500 bene-

1661 1512 1741 1546 ἧσθε,

1663 2201 1796 2236 holding
1810 2201 1846 2229 of

1662 2241 1854 2277 visitamus,
