1915 3068
40 168 102 216 40
754 183 1031 217 MEMORIALS
1066 184 1124 217 OF
1160 184 1320 218 RIPoN.

273 331 632 369 TRANSLATION
665 334 727 369 OF
761 334 829 369 ST.
857 334 1160 369 WILFRITH’S
1193 335 1329 369 BODY
1359 335 1421 370 TO
1453 333 1806 371 CANTERBURY

746 395 817 430 BY
849 395 1184 430 ARCHBISHOP
1218 395 1326 430 ODO.

275 472 425 507 CHRON.
459 472 648 507 GERVASII
682 473 723 506 de
753 472 983 507 combustione
1017 477 1049 507 et
1078 473 1298 518 reparatione
1337 473 1598 508 cantuariensis
1629 474 1807 518 Eeclesioe,

345 535 419 560 AD.
439 525 544 569 1174,
562 525 724 560 Stubbs’s
747 526 905 571 Gervase,
922 525 945 560 i.
964 526 985 562 7
1005 526 1127 571 (Rons
1145 526 1277 572 Series)
1294 539 1301 561 :
1328 526 1458 560 Decem
1477 527 1551 561 Ser.
1569 526 1635 561 col.
1657 527 1760 561 1291.

42 611 68 630 c·
82 609 152 631 A-D·
172 601 240 631 948.
368 595 608 637 Edmerue.
669 597 939 637 Venerabilis
963 596 1054 638 Odo
1075 611 1227 651 corpus
1249 597 1365 638 beati
1386 597 1573 637 Wilfridi
1594 597 1810 650 pontificis

41 658 143 726 ἓξὲξ
276 661 612 702 Eboracensium
633 662 685 702 de
708 660 886 715 Rhipun
909 661 1129 701 sublatum
1152 661 1426 702 Cantuariam
1446 661 1742 710 transtulerat,
1765 664 1811 700 et

42 707 154 766 Odo’sp
181 776 188 782 -
275 726 386 766 illud
407 727 453 765 in
475 726 655 765 editiore
678 724 860 765 entheca
890 729 942 765 ut
972 726 1159 778 ipsemet
1191 725 1353 775 scribit,
1374 724 1454 765 hoc
1485 729 1553 765 est
1582 726 1629 764 in
1659 724 1811 778 majori

42 776 242 805 translanon.
276 790 410 830 altare
433 790 546 843 quod
567 790 613 829 in
635 790 835 829 orientali
866 789 1113 843 presbiterii
1133 793 1255 842 parte
1287 789 1442 843 parieti
1472 790 1727 843 contiguum
1757 789 1811 828 de

277 854 488 907 impolitis
510 854 724 907 lapidibus
747 858 792 893 et
823 857 1022 894 cemento
1053 856 1302 893 extructum
1333 857 1440 903 erat,
1461 852 1654 907 digniter
1684 852 1814 892 collo-

279 922 462 958 caverat.
524 918 629 957 Erat
670 919 788 958 enim
828 918 922 971 ipsa
962 917 1141 957 ecclesia
1192 917 1306 970 quod
1346 930 1423 970 per
1464 930 1687 957 excessum
1727 916 1812 956 dici

280 983 503 1037 pacienter
533 996 676 1036 quaeso
707 983 956 1036 accipiatur,
980 982 1094 1022 sicut
1124 981 1171 1020 in
1200 980 1408 1034 hystoriis
1435 981 1565 1021 Baeda
1592 979 1810 1031 testatur,¹

282 1048 574 1087 Romanorum
606 1060 734 1099 opere
766 1046 892 1096 facta,
914 1049 960 1086 et
991 1059 1043 1085 ex
1074 1045 1258 1099 quadam
1288 1048 1409 1098 parte
1442 1045 1495 1084 ad
1522 1045 1813 1084 imitationem

282 1112 473 1152 ecclesiae
493 1111 610 1151 beati
631 1110 922 1164 apostolorum
942 1110 1149 1163 principis
1179 1109 1314 1159 Petri,
1334 1109 1380 1148 in
1412 1122 1496 1162 qua
1518 1109 1813 1148 sacratissimae

281 1176 474 1229 reliquiae
514 1176 651 1215 totius
683 1174 795 1214 orbis
827 1174 1101 1214 veneratione
1143 1173 1415 1212 celebrantur
1455 1173 1658 1213 decenter
1697 1186 1813 1213 com-

280 1241 433 1294 posita.

542 1312 668 1345 Acrus
693 1310 938 1344 Pommmm
956 1314 1079 1344 autore
1096 1307 1278 1353 Gervasio,
1295 1307 1343 1343 ib.
1360 1307 1427 1343 col.
1446 1308 1550 1343 1645.

371 1381 456 1437 (De
477 1381 639 1423 Sancto
658 1380 828 1436 Odone)
851 1380 934 1428 Qui
956 1394 1055 1420 cum
1080 1380 1389 1420 Eboracensem
1410 1378 1635 1419 ecclesiam
1647 1379 1815 1419 Prima-

282 1448 340 1487 tis
377 1460 495 1487 more
527 1447 738 1496 visitaret,
770 1458 864 1485 ossa
904 1445 1089 1498 corporis
1133 1444 1279 1484 Sancti
1310 1443 1499 1483 Wilfridi
1542 1457 1566 1483 a
1606 1443 1817 1497 Rippensi

284 1511 463 1552 ecclesia
483 1511 586 1550 olim
609 1510 830 1550 combusta
859 1508 1134 1550 Cantuariam
1155 1507 1311 1548 deferri
1343 1508 1560 1561 praecepit,
1583 1511 1628 1547 et
1651 1521 1818 1548 summo

285 1589 385 1615 cum
406 1573 567 1614 honore
589 1573 829 1613 tumulari.2

407 1681 555 1716 CHRON.
574 1681 598 1716 J
602 1691 664 1716 οΗ.
682 1681 880 1725 BROMTON‚
895 1681 984 1716 Abb.
1002 1679 1224 1724 ‘sot-valensis,
1241 1680 1370 1714 Decem
1388 1678 1513 1724 Som'pt.
1532 1678 1599 1714 col.
1617 1679 1698 1714 863.

376 1753 468 1794 Odo
499 1786 506 1794 .
543 1783 553 1792 .
587 1783 597 1792 .
629 1752 806 1792 tandem
822 1765 922 1791 cum
936 1751 1104 1791 Edredo
1119 1764 1221 1805 rege
1234 1748 1589 1790 Northumbriam
1602 1749 1818 1803 profectus

287 1831 424 1857 sacros
455 1818 621 1857 cineres
651 1815 842 1855 Wilfridi
883 1814 1190 1868 archiepiscopi
1233 1814 1507 1855 Cantuariam
1547 1814 1733 1863 advexit,
1764 1813 1817 1852 de

286 1895 372 1934 quo
392 1881 508 1921 inter
530 1880 802 1921 Cantuaritas
824 1883 869 1919 et
900 1879 1188 1919 Eboracenses
1219 1878 1356 1931 magis
1387 1875 1527 1917 adhuc
1559 1877 1819 1916 concertatio

286 1944 487 1997 habetur,
509 1948 660 1985 utrum
691 1957 785 1983 ossa
816 1944 991 1997 majoris
1013 1942 1204 1982 Wilfridi
1234 1942 1349 1995 apud
1371 1941 1663 1994 Riponensem
1685 1940 1821 1980 eccle-

290 2012 396 2050 siam
428 2009 644 2063 quondam
677 2009 851 2062 sepulti,
882 2022 937 2047 an
968 2008 1146 2047 minoris
1177 2006 1381 2056 Wilfridi,
1412 2006 1488 2058 qui
1519 2005 1744 2058 presbyter
1775 2008 1821 2044 et

291 2088 506 2114 successor
535 2074 650 2114 beati
684 2072 895 2114 Johannis
926 2073 973 2112 in
1006 2072 1104 2112 sede
1137 2070 1396 2111 Eboracensi
1417 2069 1573 2120 fuerat,
1607 2069 1695 2109 sint
1727 2082 1821 2109 ossa

289 2139 363 2178 illa
383 2139 615 2178 antedicta.

727 2216 938 2250 Ftommn
957 2215 1154 2258 Wmomv„
1177 2212 1396 2247 Chronicon.3

56 2310 208 2338 A,„,949·
380 2288 634 2329 wulstanus
676 2287 954 2328 Eboracensis
995 2284 1351 2338 archiepiscopus,
1393 2296 1672 2337 proceresque
1714 2281 1823 2321 Nor-

57 2364 172 2402 Fealty
291 2351 581 2393 thimbrenses
613 2366 760 2391 omnes
782 2352 828 2391 in
849 2351 951 2390 villa
980 2363 1075 2403 quae
1101 2349 1262 2390 dicitur
1293 2346 1623 2396 Taddenescilf,‘¹
1646 2346 1822 2400 egregio

58 2406 191 2472 {23th
192 2412 209 2432 ⁰
293 2418 385 2472 regi
417 2416 659 2471 Anglorum
690 2416 859 2455 Edredo
890 2414 1148 2454 fidelitatem
1174 2412 1447 2466 juraverunt,
1481 2410 1554 2450 sed
1585 2424 1671 2449 non
1703 2410 1822 2449 illam

291 2482 367 2522 diu
418 2484 673 2521 tenuerunt.
734 2480 846 2519 Nam
896 2478 1111 2532 quendam
1153 2477 1314 2516 Danica
1356 2476 1488 2528 stirpe
1530 2474 1822 2528 progenitum,

291 2547 436 2587 Ircum
450 2546 465 2568 ⁵
487 2545 677 2594 nomine,
701 2557 830 2597 super
852 2556 895 2583 se
917 2556 1065 2596 regem
1086 2541 1353 2581 levaverunt.

364 2634 420 2678 (1)
447 2633 491 2666 E.
511 2633 560 2666 H.
579 2631 640 2665 lib.
660 2631 680 2665 i.
699 2642 774 2677 cap.
794 2631 849 2664 33.
951 2629 1006 2673 (2)
1035 2628 1083 2663 So
1100 2628 1238 2671 Diceto,
1256 2627 1363 2661 Abbr.
1384 2627 1508 2661 Chron.
1527 2637 1551 2659 x
1570 2626 1642 2659 Ser.
1656 2624 1722 2658 col.
1741 2623 1822 2658 455.

365 2686 421 2729 (3)
450 2684 561 2718 These
586 2689 660 2718 two
686 2694 850 2730 passages
880 2693 939 2717 are
964 2681 1087 2726 copied
1117 2681 1207 2715 from
1238 2680 1421 2722 Florence,
1451 2677 1543 2712 with
1570 2677 1631 2711 the
1658 2675 1824 2710 different

290 2738 456 2782 readings
473 2737 556 2771 here
576 2737 695 2780 noted,
713 2736 748 2770 in
768 2736 909 2770 Simeon
927 2734 967 2768 of
988 2734 1175 2768 Durham's
1193 2733 1344 2777 IIt'story
1362 2732 1404 2778 of
1425 2732 1480 2764 tlte.
1498 2730 1611 2773 Κίττῳ
1629 2741 1666 2763 as
1683 2727 1823 2774 printed

290 2789 339 2834 by
367 2789 543 2835 Twysden
571 2789 606 2822 in
634 2789 762 2823 Decem
793 2788 994 2833 Scriptores,
1023 2786 1090 2820 col.
1123 2786 1202 2829 156,
1231 2785 1302 2819 and
1327 2785 1354 2818 it
1383 2783 1457 2817 will
1481 2783 1524 2817 be
1549 2793 1628 2816 seen
1653 2781 1737 2815 that
1760 2780 1822 2815 the

293 2842 498 2876 worcester
516 2841 704 2875 chroniele
730 2841 794 2875 has
819 2840 880 2874 the
906 2850 1000 2873 same
1026 2850 1171 2886 passage
1191 2837 1299 2872 about·
1317 2836 1446 2881 Ripon,
1464 2834 1602 2877 though
1620 2834 1731 2868 under
1749 2842 1823 2867 A.D.

293 2895 374 2929 948.
426 2894 491 2928 See
510 2894 632 2936 above,
650 2905 682 2939 p.
701 2894 758 2927 36.

365 2948 422 2990 (4)
450 2946 719 2991 Taddcncsclys,
739 2957 761 2979 x
782 2946 854 2980 Ser.
1262 2942 1318 2987 (5)
1347 2940 1529 2987 Eyricum,
1546 2950 1570 2974 x
1588 2939 1661 2973 Ser.
