1935 3151
480 147 860 182 MISCELLANEOUS
898 149 1187 183 DOCUMEN'rs.

75 263 214 311 (110110,
252 265 375 314 prout
412 261 622 314 sequitur,
656 262 870 312 videlicet,
903 262 955 301 de
988 265 1177 304 cantaria
1208 265 1262 304 ad
1300 265 1431 305 altare
1465 265 1610 305 Sancti

76 326 241 375 Jacobi,
277 326 330 365 de
367 326 555 365 cantaria
589 327 642 366 ad
674 327 808 366 altare
844 327 991 367 Sancti
1023 327 1226 379 Wilfridi,
1254 329 1308 369 (10
1345 331 1535 369 cantaria
1559 330 1612 368 ad

76 392 210 431 altare
234 390 379 430 Sancti
402 389 612 430 Johannis
628 391 837 444 Baptistae
855 395 900 431 et
917 392 1063 431 Sancti
1085 392 1296 433 Johannis
1311 394 1613 448 Evangelistz‘e‚

79 457 133 496 (10
165 455 356 495 cantaria
389 454 533 494 Beatae
565 455 714 495 Mariae
748 469 874 508 super
911 469 1128 496 summum
1160 458 1308 508 altare,
1339 458 1393 498 de
1424 459 1613 498 cantaria

81 519 401 572 Assumpcionis
424 519 568 558 Beatae
589 519 753 571 Mariae,
775 520 827 560 de
850 521 1037 560 cantaria
1060 521 1206 562 Sancti
1228 521 1418 572 Thomae,
1440 523 1493 562 de
1515 536 1615 562 can-

79 585 189 624 taria
210 582 322 622 infra
342 583 584 622 manerium
610 584 773 624 domini
803 583 1137 639 Archiepiscopi‚
1170 586 1223 627 de
1251 588 1441 627 cantaria
1470 588 1615 628 Sancti

81 648 274 697 Andreae,
315 647 369 687 de
410 648 602 688 cantaria
642 649 694 689 ad
735 649 868 689 altare
922 649 1088 690 Sanctae
1130 652 1370 692 Trinitatis.
1452 652 1616 700 Quibus

82 713 278 767 peractis,
301 711 501 752 dominus
524 712 848 753 Commissarius
869 715 1135 755 continuavit
1155 720 1199 756 et
1212 717 1454 771 prorogavit
1467 715 1618 770 hujus—

84 777 200 817 modi
223 776 483 816 visitacionis
505 778 730 831 negotium
754 791 889 831 usque
910 778 963 818 ad
986 779 1089 819 etin
1107 781 1343 820 crastinum
1365 780 1481 821 diem
1502 781 1617 821 inter

85 841 208 882 horas
249 845 444 890 octavam
479 844 523 880 et
559 842 833 882 undecimam
867 846 967 883 ante
1006 844 1232 885 meridiem
1274 844 1473 898 ejusdem
1515 845 1616 885 diei.

87 906 251 955 Quibus
285 906 368 956 die,
405 904 523 956 hora,
555 909 599 946 et
630 906 722 946 1000
757 907 988 960 praedictis,
1026 922 1165 948 coram
1199 909 1375 962 praefato
1411 910 1619 964 magistro

88 971 275 1011 Roberto
303 969 453 1010 Davell
482 970 779 1011 Commissario
809 971 1045 1023 antedicto,
1073 987 1221 1013 omnes
1250 974 1396 1013 vicarii
1430 973 1620 1015 chorales

85 1034 375 1076 exhibuerunt
396 1035 687 1075 inventarium
700 1040 1050 1076 ornamentorum
1064 1037 1116 1077 ad
1130 1038 1262 1078 altare
1278 1037 1424 1078 Sancti
1440 1039 1620 1079 Andreae

85 1099 279 1153 Apostoli
301 1100 631 1152 pertinentium.
693 1100 823 1151 Item,
845 1100 1045 1141 dominus
1067 1100 1251 1142 Thomas
1279 1103 1404 1142 Pratt
1426 1102 1621 1144 exhibuit

86 1163 377 1203 inventarium
399 1163 452 1202 ad
473 1163 605 1203 altare
628 1163 727 1203 Divi
751 1163 975 1218 Stephani.
1038 1166 1168 1216 Item,
1190 1166 1390 1206 dominus
1414 1167 1622 1208 Ricardus

92 1227 234 1268 Steele
258 1226 456 1267 exhibuit
475 1227 768 1268 inventarium
789 1229 842 1268 ad
856 1229 989 1270 altare
1006 1229 1153 1270 Sancti
1175 1230 1378 1272 wilfridi.
1411 1231 1624 1272 Dominus

91 1293 118 1333 J
121 1290 308 1332 ohannes
322 1292 502 1331 Watson
515 1290 711 1331 exhibuit
728 1293 1021 1333 inventarium
1042 1294 1095 1334 ad
1117 1294 1250 1335 altare
1266 1295 1364 1335 Divi
1384 1296 1623 1336 Laurentii.

93 1357 304 1396 Dominus
355 1355 574 1396 Johannes
626 1355 786 1397 Clifton
827 1356 1025 1398 exhibuit
1067 1359 1356 1399 inventarium
1397 1360 1450 1399 ad
1491 1360 1625 1400 altare

94 1421 241 1462 Sancti
263 1418 471 1461 ,Iohannis
493 1421 794 1475 Evangelistae.
858 1422 1068 1462 Dominus
1090 1422 1117 1463 J
1120 1422 1309 1464 ohannes
1342 1423 1486 1464 Steele
1508 1423 1628 1464 exhi-

93 1486 191 1525 buit
212 1485 502 1524 inventarium
524 1485 577 1524 ad
598 1484 732 1525 altare
755 1486 900 1525 Beatae
922 1486 1083 1527 Mariae.
1146 1487 1200 1527 Et
1224 1488 1406 1528 ulterius
1429 1489 1628 1529 dominus

93 1550 263 1590 monuit
284 1562 431 1589 omnes
454 1549 630 1589 vicarios
651 1550 704 1590 ad
725 1550 1039 1591 conficiendum
1053 1552 1345 1592 inventarium
1359 1553 1412 1593 de
1430 1554 1629 1593 omnibus

95 1619 140 1655 et
163 1613 343 1667 singulis
359 1613 483 1653 rebus
505 1613 557 1653 ad
571 1627 719 1653 eorum
733 1614 879 1654 domos
898 1616 1210 1668 spectantibus,
1225 1621 1269 1657 et
1284 1615 1378 1672 (ut)
1395 1616 1629 1658 exhibeant

95 1678 350 1719 Praesidenti
383 1677 563 1730 capituli
594 1678 702 1717 citra
743 1678 904 1718 festum
940 1679 1261 1733 Assumpcionis
1304 1681 1449 1722 Beatae
1480 1682 1629 1723 Mariae

96 1743 353 1796 proximum.
415 1741 472 1781 Et
513 1741 739 1794 deputavit
773 1743 1027 1796 magistrum
1064 1744 1390 1785 Marmaducum
1432 1746 1632 1801 Bradley‚

97 1806 459 1855 residentiarium‚
482 1805 705 1845 dominum
722 1805 930 1846 Thomam
948 1807 1208 1859 Blackburn,
1225 1809 1449 1850 dominum
1471 1810 1498 1850 J
1501 1810 1633 1851 ohan-

98 1885 198 1911 nem
250 1869 522 1920 Brownflete,
565 1874 607 1909 et
660 1870 884 1910 dominum
937 1871 1181 1912 ,Iohannem
1223 1873 1415 1925 Watson,
1458 1876 1633 1916 vicarios

99 1934 302 1984 chorales,
352 1934 406 1973 ad
458 1933 754 1987 recipiendum
806 1933 1053 1988 hujusmodi
1104 1937 1357 1988 inventaria,
1408 1939 1469 1978 ita
1520 1940 1633 1993 quod

99 2012 267 2052 semper
307 2002 578 2038 remanerent
621 1999 667 2038 in
708 2012 854 2038 eorum
886 1999 1013 2039 domo
1054 2001 1291 2053 capitulari.
1354 2002 1409 2041 Et
1451 2004 1635 2043 ulterius

97 2063 323 2116 deputavit
344 2062 569 2102 dominum
590 2061 799 2102 Thomam
828 2063 1088 2115 Blackburn‚
1112 2065 1347 2105 Radulfum
1370 2065 1635 2121 Sigiswicke,

99 2126 341 2168 Johannem
364 2126 634 2176 Brownflete‚
657 2127 911 2167 Leonellum
941 2128 1086 2182 Batty,
1108 2128 1353 2169 ,Iohannem
1376 2131 1568 2183 Wafson,
1591 2136 1636 2173 et

100 2191 303 2246 Egidium
343 2190 559 2241 Webster,
609 2191 662 2230 ad
704 2192 1010 2244 inquirendum
1063 2193 1116 2233 de
1158 2194 1548 2247 delapidationibus
1592 2201 1637 2238 et

101 2255 433 2296 ruinositatibus
455 2255 642 2295 ecclesiae
665 2256 892 2309 praedictae.
925 2257 982 2297 Et
1003 2258 1055 2297 de
1078 2255 1425 2311 (neyliyentibus
1440 2258 1479 2314 52)
1501 2261 1637 2301 officia

103 2321 149 2359 in
170 2318 310 2370 choro,
327 2320 577 2372 caeterisque
595 2320 847 2359 criminibus
865 2322 1194 2375 excessibusque
1212 2323 1570 2378 quibuscumque,
1593 2330 1637 2366 et

103 2384 216 2437 quod
238 2383 478 2424 certificent
499 2384 605 2423 citra
625 2383 785 2423 festum
814 2384 1067 2425 Nativitatis
1099 2386 1242 2426 Beatae
1275 2387 1423 2428 Marize
1445 2389 1637 2444 Virginis

104 2448 360 2502 proximum,
391 2446 567 2500 praefato
609 2447 783 2487 domino
824 2448 1135 2490 commissario.
1198 2451 1253 2491 Et
1287 2452 1403 2492 idem
1437 2454 1637 2494 dominus

105 2512 429 2553 Commissarius
451 2511 642 2551 oneravit
666 2512 840 2551 eosdem
869 2512 1118 2565 juramento
1139 2516 1343 2568 corporali
1375 2517 1427 2556 de
1451 2517 1637 2557 fideliter

104 2576 360 2629 inquirendo
388 2578 432 2615 et
463 2575 739 2615 certificando
761 2575 814 2615 de
838 2577 998 2616 eisdem
1030 2578 1230 2618 omnibus
1263 2585 1303 2619 et
1338 2581 1520 2634 singulis
1553 2586 1635 2623 etc.

106 2640 163 2679 Et
195 2640 377 2680 ulterius
413 2639 612 2679 dominus
645 2639 837 2680 decrevit
870 2641 1123 2681 citacionem
1149 2644 1249 2695 poni
1279 2647 1323 2683 et
1359 2644 1474 2699 afligi
1513 2659 1638 2699 super

108 2704 240 2744 stallis
281 2704 669 2757 praebe11dariorum
706 2703 758 2743 (10
803 2703 973 2745 Sharow
1010 2709 1054 2745 et
1098 2705 1280 2760 Studley
1321 2708 1373 2746 ad
1415 2711 1636 2762 reparand.

109 2768 356 2821 praebendas
398 2782 494 2808 suas
530 2767 657 2822 juxta
699 2771 862 2809 statuta
895 2783 1034 2823 nuper
1075 2771 1119 2810 in
1157 2771 1439 2824 parliamento
1474 2775 1638 2815 domini

111 2833 247 2872 nostri
278 2833 409 2886 Regis
440 2832 571 2882 edita,
612 2833 717 2872 citra
747 2832 910 2873 festum
952 2834 1205 2874 Nativitatis
1239 2835 1386 2875 Sancti
1429 2836 1639 2879 Johannis

114 2896 319 2948 Baptistae
361 2896 412 2935 ad
455 2897 560 2936 duos
593 2910 726 2936 annos
767 2896 949 2946 futuros,
988 2898 1066 2937 sub
1101 2912 1221 2951 poena
1257 2901 1523 2952 privat-ionis,
1559 2909 1640 2943 etc.

848 2978 869 2999 x
892 2971 910 2999 2

1747 141 1839 189 307

1653 913 1766 941 Vicars
1819 927 1823 930 ·

1653 953 1739 981 show
1756 952 1838 981 their

1655 990 1765 1021 inven—

1655 1031 1759 1060 tories.

1664 1495 1775 1525 vicars
1790 1499 1822 1525 to

1663 1536 1757 1564 make
1773 1536 1819 1564 in-

1664 1575 1823 1604 ventories

1664 1616 1700 1644 of
1711 1615 1806 1643 house

1665 1654 1770 1692 goods.

1671 2079 1836 2118 Dilapida-

1671 2120 1753 2148 tions
1767 2119 1801 2147 of
1817 2119 1870 2147 the

1671 2159 1796 2188 church.

1671 2272 1804 2307 Neglect
1819 2274 1854 2301 of

1672 2313 1781 2342 offices.

1673 2661 1832 2691 Citations

1673 2701 1720 2730 sor
1736 2703 1854 2739 repairs

1674 2741 1871 2779 osprebends

1675 2782 1783 2817 posted
1798 2791 1836 2810 on

1675 2820 1774 2850 5111115.
