<?xml version="1.0" encoding="UTF-8"?>
<!DOCTYPE html PUBLIC "-//W3C//DTD XHTML 1.0 Transitional//EN"
    "http://www.w3.org/TR/xhtml1/DTD/xhtml1-transitional.dtd">
<html xmlns="http://www.w3.org/1999/xhtml" xml:lang="en" lang="en">
 <head>
  <title>
</title>
<meta http-equiv="Content-Type" content="text/html;charset=utf-8" />
  <meta name='ocr-system' content='tesseract 3.04.00' />
  <meta name='ocr-capabilities' content='ocr_page ocr_carea ocr_par ocr_line ocrx_word'/>
</head>
<body>
  <div class='ocr_page' id='page_1' title='image "./memorialsofchurc01fowl/memorialsofchurc01fowl_0138.png"; bbox 0 0 1955 3068; ppageno 0'>
   <div class='ocr_carea' id='block_1_1' title="bbox 81 162 174 208">
    <p class='ocr_par' dir='ltr' id='par_1_1' title="bbox 81 162 174 208">
     <span class='ocr_line' id='line_1_1' title="bbox 81 162 174 208; baseline 0 -1"><span class='ocrx_word' id='word_1_1' title='bbox 81 162 174 208; x_wconf 79' lang='lat'>116</span> 
     </span>
    </p>
   </div>
   <div class='ocr_carea' id='block_1_2' title="bbox 73 364 269 716">
    <p class='ocr_par' dir='ltr' id='par_1_2' title="bbox 73 364 269 716">
     <span class='ocr_line' id='line_1_2' title="bbox 76 364 219 402; baseline -0.007 -11"><span class='ocrx_word' id='word_1_2' title='bbox 76 364 219 402; x_wconf 80' lang='lat' dir='ltr'>Gregory</span> 
     </span>
     <span class='ocr_line' id='line_1_3' title="bbox 74 402 220 440; baseline 0 -9"><span class='ocrx_word' id='word_1_3' title='bbox 74 402 133 431; x_wconf 79' lang='lat' dir='ltr'>XI.</span> <span class='ocrx_word' id='word_1_4' title='bbox 148 413 220 440; x_wconf 76' lang='lat' dir='ltr'>sup-</span> 
     </span>
     <span class='ocr_line' id='line_1_4' title="bbox 75 445 216 479; baseline 0.007 -10"><span class='ocrx_word' id='word_1_5' title='bbox 75 445 161 479; x_wconf 60' lang='lat' dir='ltr'>port&lt;</span> <span class='ocrx_word' id='word_1_6' title='bbox 177 452 216 470; x_wconf 69' lang='grc' dir='ltr'>ειη</span> 
     </span>
     <span class='ocr_line' id='line_1_5' title="bbox 74 481 262 516; baseline 0.005 -7"><span class='ocrx_word' id='word_1_7' title='bbox 74 481 262 516; x_wconf 57' lang='lat' dir='ltr'>indulgence</span> 
     </span>
     <span class='ocr_line' id='line_1_6' title="bbox 73 521 263 558; baseline 0.005 -10"><span class='ocrx_word' id='word_1_8' title='bbox 73 521 208 557; x_wconf 69' lang='lat' dir='ltr'>granted</span> <span class='ocrx_word' id='word_1_9' title='bbox 222 521 263 558; x_wconf 79' lang='lat' dir='ltr'>by</span> 
     </span>
     <span class='ocr_line' id='line_1_7' title="bbox 74 561 254 589; baseline 0.006 -1"><span class='ocrx_word' id='word_1_10' title='bbox 74 561 127 588; x_wconf 82' lang='lat' dir='ltr'>the</span> <span class='ocrx_word' id='word_1_11' title='bbox 135 566 254 589; x_wconf 80' lang='lat' dir='ltr'>&#39;canons</span> 
     </span>
     <span class='ocr_line' id='line_1_8' title="bbox 74 599 251 636; baseline 0.006 -9"><span class='ocrx_word' id='word_1_12' title='bbox 74 599 120 627; x_wconf 81' lang='lat' dir='ltr'>sor</span> <span class='ocrx_word' id='word_1_13' title='bbox 135 599 251 636; x_wconf 76' lang='lat' dir='ltr'>repuirs</span> 
     </span>
     <span class='ocr_line' id='line_1_9' title="bbox 73 639 269 668; baseline 0.01 -2"><span class='ocrx_word' id='word_1_14' title='bbox 73 639 154 667; x_wconf 80' lang='lat' dir='ltr'>after</span> <span class='ocrx_word' id='word_1_15' title='bbox 170 648 188 667; x_wconf 82' lang='lat' dir='ltr'>a</span> <span class='ocrx_word' id='word_1_16' title='bbox 207 639 269 668; x_wconf 79' lang='lat' dir='ltr'>lire.</span> 
     </span>
     <span class='ocr_line' id='line_1_10' title="bbox 151 687 269 716; baseline 0.008 -1"><span class='ocrx_word' id='word_1_17' title='bbox 151 687 192 715; x_wconf 79' lang='lat' dir='ltr'>fo.</span> <span class='ocrx_word' id='word_1_18' title='bbox 209 688 226 715; x_wconf 87' lang='grc'><strong>3</strong></span> <span class='ocrx_word' id='word_1_19' title='bbox 244 697 269 716; x_wconf 82' lang='lat' dir='ltr'>v.</span> 
     </span>
    </p>
   </div>
   <div class='ocr_carea' id='block_1_3' title="bbox 69 1395 241 1504">
    <p class='ocr_par' dir='ltr' id='par_1_3' title="bbox 69 1395 241 1504">
     <span class='ocr_line' id='line_1_11' title="bbox 71 1395 216 1431; baseline -0.007 -8"><span class='ocrx_word' id='word_1_20' title='bbox 71 1395 216 1431; x_wconf 69' lang='lat' dir='ltr'>Lateran,</span> 
     </span>
     <span class='ocr_line' id='line_1_12' title="bbox 69 1435 209 1473; baseline 0 -10"><span class='ocrx_word' id='word_1_21' title='bbox 69 1435 145 1473; x_wconf 71' lang='lat' dir='ltr'>May</span> <span class='ocrx_word' id='word_1_22' title='bbox 161 1436 209 1464; x_wconf 74' lang='lat'>¹212.</span> 
     </span>
     <span class='ocr_line' id='line_1_13' title="bbox 69 1475 241 1504; baseline 0.006 -2"><span class='ocrx_word' id='word_1_23' title='bbox 69 1482 137 1503; x_wconf 57' lang='lat' dir='ltr'>Aa).</span> <span class='ocrx_word' id='word_1_24' title='bbox 156 1475 241 1504; x_wconf 79' lang='lat'>1375.</span> 
     </span>
    </p>
   </div>
   <div class='ocr_carea' id='block_1_4' title="bbox 69 1607 258 1913">
    <p class='ocr_par' dir='ltr' id='par_1_4' title="bbox 69 1607 258 1913">
     <span class='ocr_line' id='line_1_14' title="bbox 70 1607 226 1636; baseline 0 0"><span class='ocrx_word' id='word_1_25' title='bbox 70 1607 226 1636; x_wconf 68' lang='lat' dir='ltr'>Ceicstine</span> 
     </span>
     <span class='ocr_line' id='line_1_15' title="bbox 69 1648 230 1676; baseline 0.006 -2"><span class='ocrx_word' id='word_1_26' title='bbox 69 1648 107 1676; x_wconf 84' lang='lat' dir='ltr'>V.</span> <span class='ocrx_word' id='word_1_27' title='bbox 123 1648 230 1675; x_wconf 80' lang='lat' dir='ltr'>orders</span> 
     </span>
     <span class='ocr_line' id='line_1_16' title="bbox 70 1687 185 1715; baseline -0.009 0"><span class='ocrx_word' id='word_1_28' title='bbox 70 1687 123 1715; x_wconf 85' lang='lat' dir='ltr'>the</span> <span class='ocrx_word' id='word_1_29' title='bbox 140 1695 185 1715; x_wconf 85' lang='lat' dir='ltr'>re-</span> 
     </span>
     <span class='ocr_line' id='line_1_17' title="bbox 70 1725 258 1755; baseline 0 -1"><span class='ocrx_word' id='word_1_30' title='bbox 70 1726 173 1755; x_wconf 79' lang='lat' dir='ltr'>moval</span> <span class='ocrx_word' id='word_1_31' title='bbox 190 1725 223 1753; x_wconf 80' lang='lat' dir='ltr'>of</span> <span class='ocrx_word' id='word_1_32' title='bbox 241 1735 258 1754; x_wconf 83' lang='lat' dir='ltr'>a</span> 
     </span>
     <span class='ocr_line' id='line_1_18' title="bbox 71 1765 206 1794; baseline -0.007 0"><span class='ocrx_word' id='word_1_33' title='bbox 71 1765 206 1794; x_wconf 60' lang='lat' dir='ltr'>married</span> 
     </span>
     <span class='ocr_line' id='line_1_19' title="bbox 71 1804 250 1834; baseline -0.011 0"><span class='ocrx_word' id='word_1_34' title='bbox 71 1805 155 1834; x_wconf 79' lang='lat' dir='ltr'>clerk</span> <span class='ocrx_word' id='word_1_35' title='bbox 172 1804 250 1832; x_wconf 68' lang='lat' dir='ltr'>from</span> 
     </span>
     <span class='ocr_line' id='line_1_20' title="bbox 71 1844 253 1881; baseline 0 -8"><span class='ocrx_word' id='word_1_36' title='bbox 71 1845 127 1873; x_wconf 77' lang='lat' dir='ltr'>the</span> <span class='ocrx_word' id='word_1_37' title='bbox 141 1844 253 1881; x_wconf 73' lang='lat' dir='ltr'>chapel</span> 
     </span>
     <span class='ocr_line' id='line_1_21' title="bbox 72 1883 224 1913; baseline -0.013 0"><span class='ocrx_word' id='word_1_38' title='bbox 72 1885 106 1913; x_wconf 72' lang='lat' dir='ltr'>of</span> <span class='ocrx_word' id='word_1_39' title='bbox 126 1883 224 1912; x_wconf 77' lang='lat' dir='ltr'>Nidd.</span> 
     </span>
    </p>
   </div>
   <div class='ocr_carea' id='block_1_5' title="bbox 81 2504 267 2612">
    <p class='ocr_par' dir='ltr' id='par_1_5' title="bbox 81 2504 267 2612">
     <span class='ocr_line' id='line_1_22' title="bbox 81 2504 267 2540; baseline -0.005 -7"><span class='ocrx_word' id='word_1_40' title='bbox 81 2505 125 2533; x_wconf 65' lang='lat' dir='ltr'>St.</span> <span class='ocrx_word' id='word_1_41' title='bbox 144 2504 267 2540; x_wconf 74' lang='lat' dir='ltr'>Peter&#39;s,</span> 
     </span>
     <span class='ocr_line' id='line_1_23' title="bbox 82 2544 222 2573; baseline -0.007 0"><span class='ocrx_word' id='word_1_42' title='bbox 82 2544 159 2573; x_wconf 81' lang='lat' dir='ltr'>Mav</span> <span class='ocrx_word' id='word_1_43' title='bbox 175 2544 222 2572; x_wconf 72' lang='lat'>20.</span> 
     </span>
     <span class='ocr_line' id='line_1_24' title="bbox 82 2576 256 2612; baseline 0 -1"><span class='ocrx_word' id='word_1_44' title='bbox 82 2576 152 2612; x_wconf 62' lang='lat' dir='ltr'>AJJ.</span> <span class='ocrx_word' id='word_1_45' title='bbox 170 2582 256 2611; x_wconf 54' lang='lat'>12⁸5.</span> 
     </span>
    </p>
   </div>
   <div class='ocr_carea' id='block_1_6' title="bbox 84 2732 283 2958">
    <p class='ocr_par' dir='ltr' id='par_1_6' title="bbox 84 2732 283 2958">
     <span class='ocr_line' id='line_1_25' title="bbox 84 2732 236 2761; baseline -0.007 0"><span class='ocrx_word' id='word_1_46' title='bbox 84 2732 236 2761; x_wconf 70' lang='lat' dir='ltr'>Colcstinc</span> 
     </span>
     <span class='ocr_line' id='line_1_26' title="bbox 84 2771 261 2808; baseline -0.011 -8"><span class='ocrx_word' id='word_1_47' title='bbox 84 2772 124 2801; x_wconf 77' lang='lat' dir='ltr'>V.</span> <span class='ocrx_word' id='word_1_48' title='bbox 140 2771 228 2808; x_wconf 73' lang='lat' dir='ltr'>gives</span> <span class='ocrx_word' id='word_1_49' title='bbox 244 2780 261 2798; x_wconf 80' lang='grc' dir='ltr'><strong><em>η</em></strong></span> 
     </span>
     <span class='ocr_line' id='line_1_27' title="bbox 86 2810 275 2848; baseline -0.005 -9"><span class='ocrx_word' id='word_1_50' title='bbox 86 2811 177 2848; x_wconf 72' lang='lat' dir='ltr'>papa]</span> <span class='ocrx_word' id='word_1_51' title='bbox 195 2810 275 2839; x_wconf 78' lang='lat' dir='ltr'>brief</span> 
     </span>
     <span class='ocr_line' id='line_1_28' title="bbox 86 2851 259 2878; baseline 0 0"><span class='ocrx_word' id='word_1_52' title='bbox 86 2851 131 2878; x_wconf 75' lang='lat' dir='ltr'>for</span> <span class='ocrx_word' id='word_1_53' title='bbox 147 2851 198 2878; x_wconf 86' lang='lat' dir='ltr'>the</span> <span class='ocrx_word' id='word_1_54' title='bbox 214 2858 259 2878; x_wconf 84' lang='lat' dir='ltr'>re-</span> 
     </span>
     <span class='ocr_line' id='line_1_29' title="bbox 87 2889 220 2926; baseline 0 -9"><span class='ocrx_word' id='word_1_55' title='bbox 87 2889 171 2926; x_wconf 78' lang='lat' dir='ltr'>pairs</span> <span class='ocrx_word' id='word_1_56' title='bbox 187 2889 220 2917; x_wconf 82' lang='lat' dir='ltr'>of</span> 
     </span>
     <span class='ocr_line' id='line_1_30' title="bbox 88 2927 283 2958; baseline -0.01 -1"><span class='ocrx_word' id='word_1_57' title='bbox 88 2929 141 2958; x_wconf 84' lang='lat' dir='ltr'>the</span> <span class='ocrx_word' id='word_1_58' title='bbox 157 2927 283 2957; x_wconf 86' lang='lat' dir='ltr'>church.</span> 
     </span>
    </p>
   </div>
   <div class='ocr_carea' id='block_1_7' title="bbox 794 174 1357 209">
    <p class='ocr_par' dir='ltr' id='par_1_7' title="bbox 794 174 1357 209">
     <span class='ocr_line' id='line_1_31' title="bbox 794 174 1357 209; baseline 0.004 -2"><span class='ocrx_word' id='word_1_59' title='bbox 794 174 1069 208; x_wconf 78' lang='lat' dir='ltr'><strong>MEMORIALS</strong></span> <span class='ocrx_word' id='word_1_60' title='bbox 1105 176 1162 209; x_wconf 85' lang='lat' dir='ltr'>OF</span> <span class='ocrx_word' id='word_1_61' title='bbox 1199 177 1357 209; x_wconf 78' lang='lat' dir='ltr'>RlPON.</span> 
     </span>
    </p>
   </div>
   <div class='ocr_carea' id='block_1_8' title="bbox 975 285 1177 331">
    <p class='ocr_par' dir='ltr' id='par_1_8' title="bbox 975 285 1177 331">
     <span class='ocr_line' id='line_1_32' title="bbox 975 285 1177 331; baseline 0.01 -11"><span class='ocrx_word' id='word_1_62' title='bbox 975 285 1177 331; x_wconf 76' lang='lat' dir='ltr'>(XXXII.)</span> 
     </span>
    </p>
   </div>
   <div class='ocr_carea' id='block_1_9' title="bbox 303 359 1844 2610">
    <p class='ocr_par' dir='ltr' id='par_1_9' title="bbox 303 359 1844 1503">
     <span class='ocr_line' id='line_1_33' title="bbox 398 359 1842 415; baseline 0.001 -15"><span class='ocrx_word' id='word_1_63' title='bbox 398 359 631 414; x_wconf 81' lang='lat' dir='ltr'>Gregorius</span> <span class='ocrx_word' id='word_1_64' title='bbox 655 362 903 415; x_wconf 79' lang='lat' dir='ltr'>Episcopus,</span> <span class='ocrx_word' id='word_1_65' title='bbox 927 374 1071 400; x_wconf 76' lang='lat' dir='ltr'>servus</span> <span class='ocrx_word' id='word_1_66' title='bbox 1104 375 1322 401; x_wconf 85' lang='lat' dir='ltr'>servorum</span> <span class='ocrx_word' id='word_1_67' title='bbox 1343 361 1438 411; x_wconf 90' lang='lat' dir='ltr'>Dei,</span> <span class='ocrx_word' id='word_1_68' title='bbox 1460 361 1697 401; x_wconf 75' lang='lat' dir='ltr'>venerabili</span> <span class='ocrx_word' id='word_1_69' title='bbox 1718 361 1842 402; x_wconf 88' lang='lat' dir='ltr'>fratri</span> 
     </span>
     <span class='ocr_line' id='line_1_34' title="bbox 307 422 1840 478; baseline 0.003 -16"><span class='ocrx_word' id='word_1_70' title='bbox 307 422 631 478; x_wconf 86' lang='lat' dir='ltr'>Archiepiscopo</span> <span class='ocrx_word' id='word_1_71' title='bbox 645 425 916 474; x_wconf 86' lang='lat' dir='ltr'>Eboracensi,</span> <span class='ocrx_word' id='word_1_72' title='bbox 928 424 1113 464; x_wconf 89' lang='lat' dir='ltr'>salutem</span> <span class='ocrx_word' id='word_1_73' title='bbox 1129 429 1173 464; x_wconf 91' lang='lat' dir='ltr'>et</span> <span class='ocrx_word' id='word_1_74' title='bbox 1187 424 1462 478; x_wconf 89' lang='lat' dir='ltr'>apostolicam</span> <span class='ocrx_word' id='word_1_75' title='bbox 1475 424 1840 466; x_wconf 82' lang='lat' dir='ltr'>benediccionem.</span> 
     </span>
     <span class='ocr_line' id='line_1_35' title="bbox 307 486 1841 542; baseline 0.001 -15"><span class='ocrx_word' id='word_1_76' title='bbox 307 486 465 528; x_wconf 78' lang='lat' dir='ltr'>Dilecti</span> <span class='ocrx_word' id='word_1_77' title='bbox 478 488 556 528; x_wconf 86' lang='lat' dir='ltr'>filii</span> <span class='ocrx_word' id='word_1_78' title='bbox 570 490 760 528; x_wconf 84' lang='lat' dir='ltr'>canonici</span> <span class='ocrx_word' id='word_1_79' title='bbox 774 488 960 528; x_wconf 77' lang='lat' dir='ltr'>ecclesiae</span> <span class='ocrx_word' id='word_1_80' title='bbox 970 489 1022 528; x_wconf 90' lang='lat' dir='ltr'>de</span> <span class='ocrx_word' id='word_1_81' title='bbox 1032 488 1211 542; x_wconf 84' lang='lat' dir='ltr'>Rypon’,</span> <span class='ocrx_word' id='word_1_82' title='bbox 1222 489 1469 528; x_wconf 86' lang='lat' dir='ltr'>transmissa</span> <span class='ocrx_word' id='word_1_83' title='bbox 1477 489 1599 528; x_wconf 85' lang='lat' dir='ltr'>nobis</span> <span class='ocrx_word' id='word_1_84' title='bbox 1613 490 1841 541; x_wconf 76' lang='lat' dir='ltr'>peticione,</span> 
     </span>
     <span class='ocr_line' id='line_1_36' title="bbox 305 552 1843 607; baseline 0.003 -16"><span class='ocrx_word' id='word_1_85' title='bbox 305 557 612 604; x_wconf 83' lang='lat' dir='ltr'>monstrarunt,</span> <span class='ocrx_word' id='word_1_86' title='bbox 636 553 750 607; x_wconf 86' lang='lat' dir='ltr'>quod</span> <span class='ocrx_word' id='word_1_87' title='bbox 771 567 870 592; x_wconf 91' lang='lat' dir='ltr'>cum</span> <span class='ocrx_word' id='word_1_88' title='bbox 891 566 966 606; x_wconf 87' lang='lat' dir='ltr'>pro</span> <span class='ocrx_word' id='word_1_89' title='bbox 988 554 1258 606; x_wconf 73' lang='lat' dir='ltr'>reparatione</span> <span class='ocrx_word' id='word_1_90' title='bbox 1280 554 1415 606; x_wconf 88' lang='lat' dir='ltr'>ipsius</span> <span class='ocrx_word' id='word_1_91' title='bbox 1438 552 1624 592; x_wconf 86' lang='lat' dir='ltr'>ecclesiae</span> <span class='ocrx_word' id='word_1_92' title='bbox 1646 567 1740 606; x_wconf 81' lang='lat' dir='ltr'>quae</span> <span class='ocrx_word' id='word_1_93' title='bbox 1756 554 1843 595; x_wconf 87' lang='lat' dir='ltr'>fuit</span> 
     </span>
     <span class='ocr_line' id='line_1_37' title="bbox 305 616 1842 671; baseline 0.001 -16"><span class='ocrx_word' id='word_1_94' title='bbox 305 616 503 656; x_wconf 90' lang='lat' dir='ltr'>incendio</span> <span class='ocrx_word' id='word_1_95' title='bbox 525 617 747 656; x_wconf 84' lang='lat' dir='ltr'>devastata</span> <span class='ocrx_word' id='word_1_96' title='bbox 764 616 963 656; x_wconf 89' lang='lat' dir='ltr'>omnibus</span> <span class='ocrx_word' id='word_1_97' title='bbox 985 616 1038 656; x_wconf 89' lang='lat' dir='ltr'>de</span> <span class='ocrx_word' id='word_1_98' title='bbox 1060 630 1192 671; x_wconf 84' lang='lat' dir='ltr'>regno</span> <span class='ocrx_word' id='word_1_99' title='bbox 1214 621 1317 657; x_wconf 89' lang='lat' dir='ltr'>nota</span> <span class='ocrx_word' id='word_1_100' title='bbox 1337 630 1384 656; x_wconf 88' lang='lat' dir='ltr'>ac</span> <span class='ocrx_word' id='word_1_101' title='bbox 1400 617 1627 669; x_wconf 79' lang='lat' dir='ltr'>provinciae</span> <span class='ocrx_word' id='word_1_102' title='bbox 1649 623 1750 668; x_wconf 86' lang='lat' dir='ltr'>tuae,</span> <span class='ocrx_word' id='word_1_103' title='bbox 1767 618 1842 671; x_wconf 91' lang='lat' dir='ltr'>qui</span> 
     </span>
     <span class='ocr_line' id='line_1_38' title="bbox 305 679 1842 734; baseline 0.001 -15"><span class='ocrx_word' id='word_1_104' title='bbox 305 680 358 719; x_wconf 87' lang='lat' dir='ltr'>ad</span> <span class='ocrx_word' id='word_1_105' title='bbox 372 693 476 733; x_wconf 92' lang='lat' dir='ltr'>opus</span> <span class='ocrx_word' id='word_1_106' title='bbox 490 679 737 733; x_wconf 89' lang='lat' dir='ltr'>hujusmodi</span> <span class='ocrx_word' id='word_1_107' title='bbox 753 680 1047 720; x_wconf 74' lang='lat' dir='ltr'>subventionis</span> <span class='ocrx_word' id='word_1_108' title='bbox 1062 694 1237 720; x_wconf 88' lang='lat' dir='ltr'>manum</span> <span class='ocrx_word' id='word_1_109' title='bbox 1248 681 1484 734; x_wconf 78' lang='lat' dir='ltr'>porrigent,</span> <span class='ocrx_word' id='word_1_110' title='bbox 1494 683 1657 719; x_wconf 87' lang='lat' dir='ltr'>certam</span> <span class='ocrx_word' id='word_1_111' title='bbox 1668 694 1842 721; x_wconf 90' lang='lat' dir='ltr'>suorum</span> 
     </span>
     <span class='ocr_line' id='line_1_39' title="bbox 304 744 1842 798; baseline 0.001 -15"><span class='ocrx_word' id='word_1_112' title='bbox 304 744 626 798; x_wconf 75' lang='lat' dir='ltr'>indulgentiam</span> <span class='ocrx_word' id='word_1_113' title='bbox 643 748 948 784; x_wconf 86' lang='lat' dir='ltr'>concesserunt</span> <span class='ocrx_word' id='word_1_114' title='bbox 961 748 1249 797; x_wconf 86' lang='lat' dir='ltr'>peccatorum,</span> <span class='ocrx_word' id='word_1_115' title='bbox 1264 745 1439 798; x_wconf 88' lang='lat' dir='ltr'>quidam</span> <span class='ocrx_word' id='word_1_116' title='bbox 1452 744 1595 784; x_wconf 89' lang='lat' dir='ltr'>clerici</span> <span class='ocrx_word' id='word_1_117' title='bbox 1609 745 1842 785; x_wconf 87' lang='lat' dir='ltr'>eorundem</span> 
     </span>
     <span class='ocr_line' id='line_1_40' title="bbox 304 808 1842 862; baseline 0.001 -15"><span class='ocrx_word' id='word_1_118' title='bbox 304 810 426 861; x_wconf 85' lang='lat' dir='ltr'>regni</span> <span class='ocrx_word' id='word_1_119' title='bbox 448 812 492 848; x_wconf 88' lang='lat' dir='ltr'>et</span> <span class='ocrx_word' id='word_1_120' title='bbox 513 809 742 862; x_wconf 78' lang='lat' dir='ltr'>provinciae</span> <span class='ocrx_word' id='word_1_121' title='bbox 763 809 942 848; x_wconf 89' lang='lat' dir='ltr'>nuncios</span> <span class='ocrx_word' id='word_1_122' title='bbox 963 822 1069 861; x_wconf 87' lang='lat' dir='ltr'>quos</span> <span class='ocrx_word' id='word_1_123' title='bbox 1090 813 1265 862; x_wconf 90' lang='lat' dir='ltr'>propter</span> <span class='ocrx_word' id='word_1_124' title='bbox 1286 808 1364 848; x_wconf 91' lang='lat' dir='ltr'>hoc</span> <span class='ocrx_word' id='word_1_125' title='bbox 1386 822 1483 848; x_wconf 90' lang='lat' dir='ltr'>cum</span> <span class='ocrx_word' id='word_1_126' title='bbox 1505 808 1662 848; x_wconf 89' lang='lat' dir='ltr'>litteris</span> <span class='ocrx_word' id='word_1_127' title='bbox 1684 809 1842 849; x_wconf 88' lang='lat' dir='ltr'>nostris</span> 
     </span>
     <span class='ocr_line' id='line_1_41' title="bbox 303 871 1840 928; baseline 0.001 -17"><span class='ocrx_word' id='word_1_128' title='bbox 303 873 490 912; x_wconf 88' lang='lat' dir='ltr'>mittunt</span> <span class='ocrx_word' id='word_1_129' title='bbox 530 873 740 926; x_wconf 89' lang='lat' dir='ltr'>impedire</span> <span class='ocrx_word' id='word_1_130' title='bbox 781 874 998 926; x_wconf 89' lang='lat' dir='ltr'>propteria</span> <span class='ocrx_word' id='word_1_131' title='bbox 1039 871 1145 928; x_wconf 71' lang='lat' dir='ltr'>(sic)</span> <span class='ocrx_word' id='word_1_132' title='bbox 1185 873 1436 913; x_wconf 71' lang='lat' dir='ltr'>temeritate</span> <span class='ocrx_word' id='word_1_133' title='bbox 1476 877 1758 925; x_wconf 71' lang='lat' dir='ltr'>praesumunt,</span> <span class='ocrx_word' id='word_1_134' title='bbox 1795 874 1840 913; x_wconf 92' lang='lat' dir='ltr'>in</span> 
     </span>
     <span class='ocr_line' id='line_1_42' title="bbox 305 935 1839 992; baseline 0.001 -17"><span class='ocrx_word' id='word_1_135' title='bbox 305 937 538 976; x_wconf 88' lang='lat' dir='ltr'>eorundem</span> <span class='ocrx_word' id='word_1_136' title='bbox 569 938 871 976; x_wconf 89' lang='lat' dir='ltr'>canonicorum</span> <span class='ocrx_word' id='word_1_137' title='bbox 903 935 982 992; x_wconf 71' lang='lat' dir='ltr'>(et)</span> <span class='ocrx_word' id='word_1_138' title='bbox 1018 937 1207 977; x_wconf 87' lang='lat' dir='ltr'>ecclesiae</span> <span class='ocrx_word' id='word_1_139' title='bbox 1245 951 1331 977; x_wconf 81' lang='lat' dir='ltr'>suae</span> <span class='ocrx_word' id='word_1_140' title='bbox 1367 935 1666 990; x_wconf 61' lang='lat' dir='ltr'>praejudicium</span> <span class='ocrx_word' id='word_1_141' title='bbox 1703 939 1839 977; x_wconf 89' lang='lat' dir='ltr'>mani-</span> 
     </span>
     <span class='ocr_line' id='line_1_43' title="bbox 304 1000 1841 1055; baseline 0.001 -15"><span class='ocrx_word' id='word_1_142' title='bbox 304 1000 478 1040; x_wconf 86' lang='lat' dir='ltr'>festum.</span> <span class='ocrx_word' id='word_1_143' title='bbox 539 1001 604 1041; x_wconf 91' lang='lat' dir='ltr'>Ne</span> <span class='ocrx_word' id='word_1_144' title='bbox 635 1002 771 1055; x_wconf 87' lang='lat' dir='ltr'>igitur</span> <span class='ocrx_word' id='word_1_145' title='bbox 802 1001 974 1040; x_wconf 89' lang='lat' dir='ltr'>illorum</span> <span class='ocrx_word' id='word_1_146' title='bbox 1004 1002 1225 1041; x_wconf 78' lang='lat' dir='ltr'>temeritas</span> <span class='ocrx_word' id='word_1_147' title='bbox 1248 1004 1400 1040; x_wconf 82' lang='lat' dir='ltr'>vestrae</span> <span class='ocrx_word' id='word_1_148' title='bbox 1431 1001 1658 1054; x_wconf 74' lang='lat' dir='ltr'>praevalere</span> <span class='ocrx_word' id='word_1_149' title='bbox 1689 1002 1841 1054; x_wconf 75' lang='lat' dir='ltr'>graciae</span> 
     </span>
     <span class='ocr_line' id='line_1_44' title="bbox 304 1065 1840 1119; baseline 0.001 -15"><span class='ocrx_word' id='word_1_150' title='bbox 304 1065 516 1116; x_wconf 85' lang='lat' dir='ltr'>videatur,</span> <span class='ocrx_word' id='word_1_151' title='bbox 553 1065 819 1105; x_wconf 78' lang='lat' dir='ltr'>fraternitati</span> <span class='ocrx_word' id='word_1_152' title='bbox 855 1068 941 1105; x_wconf 83' lang='lat' dir='ltr'>tuae</span> <span class='ocrx_word' id='word_1_153' title='bbox 983 1079 1059 1119; x_wconf 91' lang='lat' dir='ltr'>per</span> <span class='ocrx_word' id='word_1_154' title='bbox 1099 1065 1334 1118; x_wconf 88' lang='lat' dir='ltr'>apostolica</span> <span class='ocrx_word' id='word_1_155' title='bbox 1375 1065 1532 1117; x_wconf 87' lang='lat' dir='ltr'>scripta</span> <span class='ocrx_word' id='word_1_156' title='bbox 1571 1065 1840 1115; x_wconf 89' lang='lat' dir='ltr'>mandamus,</span> 
     </span>
     <span class='ocr_line' id='line_1_45' title="bbox 304 1129 1842 1182; baseline 0 -14"><span class='ocrx_word' id='word_1_157' title='bbox 304 1132 517 1182; x_wconf 85' lang='lat' dir='ltr'>quatenus</span> <span class='ocrx_word' id='word_1_158' title='bbox 538 1130 763 1182; x_wconf 79' lang='lat' dir='ltr'>praedictos</span> <span class='ocrx_word' id='word_1_159' title='bbox 788 1129 960 1169; x_wconf 88' lang='lat' dir='ltr'>clericos</span> <span class='ocrx_word' id='word_1_160' title='bbox 993 1130 1220 1182; x_wconf 77' lang='lat' dir='ltr'>provinciae</span> <span class='ocrx_word' id='word_1_161' title='bbox 1252 1143 1307 1169; x_wconf 89' lang='lat' dir='ltr'>ne</span> <span class='ocrx_word' id='word_1_162' title='bbox 1339 1129 1508 1168; x_wconf 86' lang='lat' dir='ltr'>nunciis</span> <span class='ocrx_word' id='word_1_163' title='bbox 1540 1129 1842 1169; x_wconf 87' lang='lat' dir='ltr'>canonicorum</span> 
     </span>
     <span class='ocr_line' id='line_1_46' title="bbox 303 1192 1842 1246; baseline 0.001 -14"><span class='ocrx_word' id='word_1_164' title='bbox 303 1194 493 1246; x_wconf 84' lang='lat' dir='ltr'>ipsorum</span> <span class='ocrx_word' id='word_1_165' title='bbox 516 1207 642 1246; x_wconf 83' lang='lat' dir='ltr'>super</span> <span class='ocrx_word' id='word_1_166' title='bbox 664 1192 743 1233; x_wconf 85' lang='lat' dir='ltr'>hoc</span> <span class='ocrx_word' id='word_1_167' title='bbox 765 1193 958 1233; x_wconf 85' lang='lat' dir='ltr'>indebite</span> <span class='ocrx_word' id='word_1_168' title='bbox 984 1197 1216 1246; x_wconf 83' lang='lat' dir='ltr'>opponant,</span> <span class='ocrx_word' id='word_1_169' title='bbox 1238 1193 1478 1232; x_wconf 90' lang='lat' dir='ltr'>monicione</span> <span class='ocrx_word' id='word_1_170' title='bbox 1500 1193 1732 1245; x_wconf 74' lang='lat' dir='ltr'>praemissa,</span> <span class='ocrx_word' id='word_1_171' title='bbox 1754 1193 1842 1233; x_wconf 83' lang='lat' dir='ltr'>dis-</span> 
     </span>
     <span class='ocr_line' id='line_1_47' title="bbox 304 1256 1844 1310; baseline 0 -14"><span class='ocrx_word' id='word_1_172' title='bbox 304 1257 508 1297; x_wconf 87' lang='lat' dir='ltr'>triccione</span> <span class='ocrx_word' id='word_1_173' title='bbox 541 1271 624 1310; x_wconf 87' lang='lat' dir='ltr'>qua</span> <span class='ocrx_word' id='word_1_174' title='bbox 664 1258 880 1306; x_wconf 80' lang='lat' dir='ltr'>convenit,</span> <span class='ocrx_word' id='word_1_175' title='bbox 915 1257 1204 1310; x_wconf 86' lang='lat' dir='ltr'>appellacione</span> <span class='ocrx_word' id='word_1_176' title='bbox 1244 1260 1423 1307; x_wconf 87' lang='lat' dir='ltr'>remota,</span> <span class='ocrx_word' id='word_1_177' title='bbox 1465 1256 1708 1310; x_wconf 84' lang='lat' dir='ltr'>compellas,</span> <span class='ocrx_word' id='word_1_178' title='bbox 1744 1271 1844 1297; x_wconf 92' lang='lat' dir='ltr'>con-</span> 
     </span>
     <span class='ocr_line' id='line_1_48' title="bbox 306 1318 1841 1376; baseline 0.001 -16"><span class='ocrx_word' id='word_1_179' title='bbox 306 1322 537 1361; x_wconf 89' lang='lat' dir='ltr'>stitucione</span> <span class='ocrx_word' id='word_1_180' title='bbox 568 1322 622 1362; x_wconf 90' lang='lat' dir='ltr'>de</span> <span class='ocrx_word' id='word_1_181' title='bbox 650 1322 816 1362; x_wconf 85' lang='lat' dir='ltr'>duabus</span> <span class='ocrx_word' id='word_1_182' title='bbox 848 1322 976 1362; x_wconf 88' lang='lat' dir='ltr'>dictis</span> <span class='ocrx_word' id='word_1_183' title='bbox 1007 1323 1053 1361; x_wconf 91' lang='lat' dir='ltr'>in</span> <span class='ocrx_word' id='word_1_184' title='bbox 1078 1322 1269 1376; x_wconf 87' lang='lat' dir='ltr'>generali</span> <span class='ocrx_word' id='word_1_185' title='bbox 1291 1321 1467 1361; x_wconf 85' lang='lat' dir='ltr'>consilio</span> <span class='ocrx_word' id='word_1_186' title='bbox 1490 1318 1595 1376; x_wconf 72' lang='lat' dir='ltr'>(sic)</span> <span class='ocrx_word' id='word_1_187' title='bbox 1617 1321 1734 1361; x_wconf 87' lang='lat' dir='ltr'>edita</span> <span class='ocrx_word' id='word_1_188' title='bbox 1754 1335 1841 1361; x_wconf 91' lang='lat' dir='ltr'>non</span> 
     </span>
     <span class='ocr_line' id='line_1_49' title="bbox 305 1385 1842 1440; baseline 0 -15"><span class='ocrx_word' id='word_1_189' title='bbox 305 1385 517 1425; x_wconf 85' lang='lat' dir='ltr'>obstante.</span> <span class='ocrx_word' id='word_1_190' title='bbox 579 1386 677 1426; x_wconf 89' lang='lat' dir='ltr'>Dat.</span> <span class='ocrx_word' id='word_1_191' title='bbox 715 1386 970 1426; x_wconf 84' lang='lat' dir='ltr'>Lateranen’</span> <span class='ocrx_word' id='word_1_192' title='bbox 1002 1385 1042 1440; x_wconf 83' lang='lat' dir='ltr'>xj</span> <span class='ocrx_word' id='word_1_193' title='bbox 1086 1385 1172 1427; x_wconf 83' lang='lat' dir='ltr'>kal.</span> <span class='ocrx_word' id='word_1_194' title='bbox 1209 1386 1237 1426; x_wconf 81' lang='lat' dir='ltr'><strong>J</strong></span> <span class='ocrx_word' id='word_1_195' title='bbox 1241 1386 1347 1436; x_wconf 88' lang='lat' dir='ltr'>unii,</span> <span class='ocrx_word' id='word_1_196' title='bbox 1388 1385 1663 1439; x_wconf 86' lang='lat' dir='ltr'>pontificatus</span> <span class='ocrx_word' id='word_1_197' title='bbox 1705 1386 1842 1426; x_wconf 86' lang='lat' dir='ltr'>nostri</span> 
     </span>
     <span class='ocr_line' id='line_1_50' title="bbox 304 1451 603 1503; baseline 0 -13"><span class='ocrx_word' id='word_1_198' title='bbox 304 1464 416 1490; x_wconf 90' lang='lat' dir='ltr'>anno</span> <span class='ocrx_word' id='word_1_199' title='bbox 437 1451 603 1503; x_wconf 91' lang='lat' dir='ltr'>quinto.</span> 
     </span>
    </p>

    <p class='ocr_par' dir='ltr' id='par_1_10' title="bbox 962 1524 1183 1571">
     <span class='ocr_line' id='line_1_51' title="bbox 962 1524 1183 1571; baseline -0.005 -12"><span class='ocrx_word' id='word_1_200' title='bbox 962 1524 1183 1571; x_wconf 72' lang='lat' dir='ltr'>(xxxin.)</span> 
     </span>
    </p>

    <p class='ocr_par' dir='ltr' id='par_1_11' title="bbox 306 1595 1841 2610">
     <span class='ocr_line' id='line_1_52' title="bbox 396 1595 1839 1650; baseline -0.001 -13"><span class='ocrx_word' id='word_1_201' title='bbox 396 1595 634 1637; x_wconf 84' lang='lat' dir='ltr'>Celestinus</span> <span class='ocrx_word' id='word_1_202' title='bbox 657 1597 907 1650; x_wconf 89' lang='lat' dir='ltr'>Episcopus,</span> <span class='ocrx_word' id='word_1_203' title='bbox 930 1610 1072 1637; x_wconf 89' lang='lat' dir='ltr'>servus</span> <span class='ocrx_word' id='word_1_204' title='bbox 1096 1610 1313 1637; x_wconf 88' lang='lat' dir='ltr'>servorum</span> <span class='ocrx_word' id='word_1_205' title='bbox 1345 1596 1440 1646; x_wconf 90' lang='lat' dir='ltr'>Dei,</span> <span class='ocrx_word' id='word_1_206' title='bbox 1462 1595 1633 1636; x_wconf 89' lang='lat' dir='ltr'>dilectis</span> <span class='ocrx_word' id='word_1_207' title='bbox 1654 1595 1754 1635; x_wconf 89' lang='lat' dir='ltr'>filiis</span> <span class='ocrx_word' id='word_1_208' title='bbox 1786 1595 1839 1635; x_wconf 93' lang='lat' dir='ltr'>de</span> 
     </span>
     <span class='ocr_line' id='line_1_53' title="bbox 307 1660 1841 1715; baseline -0.001 -15"><span class='ocrx_word' id='word_1_209' title='bbox 307 1660 522 1701; x_wconf 84' lang='lat' dir='ltr'>Giseburn</span> <span class='ocrx_word' id='word_1_210' title='bbox 554 1662 607 1701; x_wconf 90' lang='lat' dir='ltr'>de</span> <span class='ocrx_word' id='word_1_211' title='bbox 640 1660 898 1702; x_wconf 86' lang='lat' dir='ltr'>Chreseham</span> <span class='ocrx_word' id='word_1_212' title='bbox 929 1661 1176 1712; x_wconf 89' lang='lat' dir='ltr'>Prioribus,¹</span> <span class='ocrx_word' id='word_1_213' title='bbox 1199 1661 1404 1715; x_wconf 87' lang='lat' dir='ltr'>magistro</span> <span class='ocrx_word' id='word_1_214' title='bbox 1424 1661 1492 1700; x_wconf 91' lang='lat' dir='ltr'>W.</span> <span class='ocrx_word' id='word_1_215' title='bbox 1514 1661 1568 1700; x_wconf 91' lang='lat' dir='ltr'>de</span> <span class='ocrx_word' id='word_1_216' title='bbox 1590 1660 1704 1710; x_wconf 93' lang='lat' dir='ltr'>Hou,</span> <span class='ocrx_word' id='word_1_217' title='bbox 1729 1660 1841 1699; x_wconf 86' lang='lat' dir='ltr'>salu-</span> 
     </span>
     <span class='ocr_line' id='line_1_54' title="bbox 306 1724 1841 1778; baseline -0.001 -14"><span class='ocrx_word' id='word_1_218' title='bbox 306 1727 396 1764; x_wconf 87' lang='lat' dir='ltr'>tem</span> <span class='ocrx_word' id='word_1_219' title='bbox 438 1728 483 1764; x_wconf 91' lang='lat' dir='ltr'>et</span> <span class='ocrx_word' id='word_1_220' title='bbox 514 1725 789 1778; x_wconf 87' lang='lat' dir='ltr'>apostolicam</span> <span class='ocrx_word' id='word_1_221' title='bbox 820 1725 1185 1766; x_wconf 88' lang='lat' dir='ltr'>benediccionem.</span> <span class='ocrx_word' id='word_1_222' title='bbox 1247 1725 1452 1765; x_wconf 86' lang='lat' dir='ltr'>Pervenit</span> <span class='ocrx_word' id='word_1_223' title='bbox 1483 1724 1537 1764; x_wconf 89' lang='lat' dir='ltr'>ad</span> <span class='ocrx_word' id='word_1_224' title='bbox 1573 1738 1650 1764; x_wconf 91' lang='lat' dir='ltr'>nos</span> <span class='ocrx_word' id='word_1_225' title='bbox 1687 1737 1737 1763; x_wconf 86' lang='lat' dir='ltr'>ex</span> <span class='ocrx_word' id='word_1_226' title='bbox 1773 1725 1841 1763; x_wconf 93' lang='lat' dir='ltr'>in-</span> 
     </span>
     <span class='ocr_line' id='line_1_55' title="bbox 308 1788 1841 1843; baseline 0 -16"><span class='ocrx_word' id='word_1_227' title='bbox 308 1789 550 1829; x_wconf 87' lang='lat' dir='ltr'>sinuatione</span> <span class='ocrx_word' id='word_1_228' title='bbox 573 1790 751 1842; x_wconf 88' lang='lat' dir='ltr'>capituli</span> <span class='ocrx_word' id='word_1_229' title='bbox 771 1790 917 1830; x_wconf 80' lang='lat' dir='ltr'>Sancti</span> <span class='ocrx_word' id='word_1_230' title='bbox 934 1790 1124 1829; x_wconf 80' lang='lat' dir='ltr'>Wilfridi</span> <span class='ocrx_word' id='word_1_231' title='bbox 1141 1788 1295 1843; x_wconf 82' lang='lat' dir='ltr'>Ripon’</span> <span class='ocrx_word' id='word_1_232' title='bbox 1316 1789 1429 1842; x_wconf 89' lang='lat' dir='ltr'>quod</span> <span class='ocrx_word' id='word_1_233' title='bbox 1446 1789 1496 1828; x_wconf 88' lang='lat' dir='ltr'>R.</span> <span class='ocrx_word' id='word_1_234' title='bbox 1511 1788 1707 1838; x_wconf 88' lang='lat' dir='ltr'>clericus,</span> <span class='ocrx_word' id='word_1_235' title='bbox 1730 1789 1841 1828; x_wconf 89' lang='lat' dir='ltr'>sicut</span> 
     </span>
     <span class='ocr_line' id='line_1_56' title="bbox 307 1851 1839 1907; baseline -0.001 -15"><span class='ocrx_word' id='word_1_236' title='bbox 307 1853 465 1893; x_wconf 86' lang='lat' dir='ltr'>dicitur</span> <span class='ocrx_word' id='word_1_237' title='bbox 499 1857 717 1903; x_wconf 83' lang='lat' dir='ltr'>uxoratus,</span> <span class='ocrx_word' id='word_1_238' title='bbox 751 1853 959 1907; x_wconf 85' lang='lat' dir='ltr'>capellam</span> <span class='ocrx_word' id='word_1_239' title='bbox 988 1854 1040 1894; x_wconf 94' lang='lat' dir='ltr'>de</span> <span class='ocrx_word' id='word_1_240' title='bbox 1076 1854 1189 1893; x_wconf 91' lang='lat' dir='ltr'>Nide</span> <span class='ocrx_word' id='word_1_241' title='bbox 1225 1854 1278 1893; x_wconf 88' lang='lat' dir='ltr'>ad</span> <span class='ocrx_word' id='word_1_242' title='bbox 1306 1853 1528 1893; x_wconf 88' lang='lat' dir='ltr'>ecclesiam</span> <span class='ocrx_word' id='word_1_243' title='bbox 1555 1851 1708 1906; x_wconf 88' lang='lat' dir='ltr'>Ripon’</span> <span class='ocrx_word' id='word_1_244' title='bbox 1743 1866 1839 1905; x_wconf 89' lang='lat' dir='ltr'>per-</span> 
     </span>
     <span class='ocr_line' id='line_1_57' title="bbox 306 1916 1840 1971; baseline -0.001 -16"><span class='ocrx_word' id='word_1_245' title='bbox 306 1918 524 1957; x_wconf 88' lang='lat' dir='ltr'>tinentem</span> <span class='ocrx_word' id='word_1_246' title='bbox 561 1918 613 1957; x_wconf 91' lang='lat' dir='ltr'>de</span> <span class='ocrx_word' id='word_1_247' title='bbox 645 1917 744 1971; x_wconf 88' lang='lat' dir='ltr'>jure</span> <span class='ocrx_word' id='word_1_248' title='bbox 776 1919 983 1967; x_wconf 84' lang='lat' dir='ltr'>invasam,</span> <span class='ocrx_word' id='word_1_249' title='bbox 1016 1921 1062 1958; x_wconf 90' lang='lat' dir='ltr'>et</span> <span class='ocrx_word' id='word_1_250' title='bbox 1102 1918 1281 1958; x_wconf 87' lang='lat' dir='ltr'>reddere</span> <span class='ocrx_word' id='word_1_251' title='bbox 1322 1916 1590 1966; x_wconf 86' lang='lat' dir='ltr'>contradicit,</span> <span class='ocrx_word' id='word_1_252' title='bbox 1623 1916 1840 1955; x_wconf 85' lang='lat' dir='ltr'>occasione</span> 
     </span>
     <span class='ocr_line' id='line_1_58' title="bbox 306 1980 1840 2035; baseline -0.001 -16"><span class='ocrx_word' id='word_1_253' title='bbox 306 1980 528 2034; x_wconf 85' lang='lat' dir='ltr'>cujusdam</span> <span class='ocrx_word' id='word_1_254' title='bbox 559 1982 841 2021; x_wconf 84' lang='lat' dir='ltr'>concessionis</span> <span class='ocrx_word' id='word_1_255' title='bbox 873 1996 898 2022; x_wconf 90' lang='lat' dir='ltr'>a</span> <span class='ocrx_word' id='word_1_256' title='bbox 929 1982 1186 2035; x_wconf 89' lang='lat' dir='ltr'>quibusdam</span> <span class='ocrx_word' id='word_1_257' title='bbox 1218 1981 1356 2021; x_wconf 88' lang='lat' dir='ltr'>eidem</span> <span class='ocrx_word' id='word_1_258' title='bbox 1389 1980 1511 2020; x_wconf 76' lang='lat' dir='ltr'>factae</span> <span class='ocrx_word' id='word_1_259' title='bbox 1543 1980 1597 2019; x_wconf 88' lang='lat' dir='ltr'>ad</span> <span class='ocrx_word' id='word_1_260' title='bbox 1619 1993 1723 2032; x_wconf 88' lang='lat' dir='ltr'>quos</span> <span class='ocrx_word' id='word_1_261' title='bbox 1753 1993 1840 2019; x_wconf 91' lang='lat' dir='ltr'>non</span> 
     </span>
     <span class='ocr_line' id='line_1_59' title="bbox 307 2044 1841 2099; baseline -0.001 -15"><span class='ocrx_word' id='word_1_262' title='bbox 307 2045 565 2097; x_wconf 85' lang='lat' dir='ltr'>pertinebat,</span> <span class='ocrx_word' id='word_1_263' title='bbox 600 2045 695 2085; x_wconf 87' lang='lat' dir='ltr'>aliis</span> <span class='ocrx_word' id='word_1_264' title='bbox 727 2046 998 2093; x_wconf 85' lang='lat' dir='ltr'>inconsultis,</span> <span class='ocrx_word' id='word_1_265' title='bbox 1030 2046 1285 2099; x_wconf 85' lang='lat' dir='ltr'>praescriptae</span> <span class='ocrx_word' id='word_1_266' title='bbox 1316 2044 1488 2098; x_wconf 78' lang='lat' dir='ltr'>capellae</span> <span class='ocrx_word' id='word_1_267' title='bbox 1519 2044 1706 2094; x_wconf 85' lang='lat' dir='ltr'>donatio,</span> <span class='ocrx_word' id='word_1_268' title='bbox 1737 2057 1841 2096; x_wconf 89' lang='lat' dir='ltr'>quo-</span> 
     </span>
     <span class='ocr_line' id='line_1_60' title="bbox 307 2108 1840 2162; baseline -0.001 -15"><span class='ocrx_word' id='word_1_269' title='bbox 307 2109 419 2147; x_wconf 85' lang='lat' dir='ltr'>circa</span> <span class='ocrx_word' id='word_1_270' title='bbox 427 2109 674 2149; x_wconf 87' lang='lat' dir='ltr'>discretioni</span> <span class='ocrx_word' id='word_1_271' title='bbox 689 2113 839 2149; x_wconf 83' lang='lat' dir='ltr'>vestrae</span> <span class='ocrx_word' id='word_1_272' title='bbox 849 2123 924 2162; x_wconf 91' lang='lat' dir='ltr'>per</span> <span class='ocrx_word' id='word_1_273' title='bbox 933 2109 1165 2162; x_wconf 78' lang='lat' dir='ltr'>apostolica</span> <span class='ocrx_word' id='word_1_274' title='bbox 1179 2110 1338 2162; x_wconf 87' lang='lat' dir='ltr'>scripta</span> <span class='ocrx_word' id='word_1_275' title='bbox 1350 2108 1618 2157; x_wconf 81' lang='lat' dir='ltr'>mandamus,</span> <span class='ocrx_word' id='word_1_276' title='bbox 1629 2111 1840 2160; x_wconf 85' lang='lat' dir='ltr'>quatenus</span> 
     </span>
     <span class='ocr_line' id='line_1_61' title="bbox 308 2171 1841 2226; baseline -0.001 -14"><span class='ocrx_word' id='word_1_277' title='bbox 308 2173 554 2226; x_wconf 77' lang='lat' dir='ltr'>praedictam</span> <span class='ocrx_word' id='word_1_278' title='bbox 577 2173 782 2226; x_wconf 91' lang='lat' dir='ltr'>capellam</span> <span class='ocrx_word' id='word_1_279' title='bbox 815 2173 867 2213; x_wconf 88' lang='lat' dir='ltr'>ad</span> <span class='ocrx_word' id='word_1_280' title='bbox 894 2173 1116 2213; x_wconf 89' lang='lat' dir='ltr'>ecclesiam</span> <span class='ocrx_word' id='word_1_281' title='bbox 1138 2173 1491 2226; x_wconf 68' lang='lat' dir='ltr'>praenominatam</span> <span class='ocrx_word' id='word_1_282' title='bbox 1522 2171 1575 2211; x_wconf 88' lang='lat' dir='ltr'>de</span> <span class='ocrx_word' id='word_1_283' title='bbox 1600 2171 1701 2224; x_wconf 87' lang='lat' dir='ltr'>jure</span> <span class='ocrx_word' id='word_1_284' title='bbox 1723 2185 1841 2224; x_wconf 88' lang='lat' dir='ltr'>spec-</span> 
     </span>
     <span class='ocr_line' id='line_1_62' title="bbox 308 2235 1840 2290; baseline -0.001 -15"><span class='ocrx_word' id='word_1_285' title='bbox 308 2241 414 2287; x_wconf 84' lang='lat' dir='ltr'>tare,</span> <span class='ocrx_word' id='word_1_286' title='bbox 436 2240 579 2276; x_wconf 85' lang='lat' dir='ltr'>amoto</span> <span class='ocrx_word' id='word_1_287' title='bbox 601 2237 712 2276; x_wconf 88' lang='lat' dir='ltr'>sicut</span> <span class='ocrx_word' id='word_1_288' title='bbox 729 2236 900 2290; x_wconf 87' lang='lat' dir='ltr'>justum</span> <span class='ocrx_word' id='word_1_289' title='bbox 922 2236 1054 2277; x_wconf 86' lang='lat' dir='ltr'>suerit</span> <span class='ocrx_word' id='word_1_290' title='bbox 1075 2237 1267 2289; x_wconf 90' lang='lat' dir='ltr'>quolibet</span> <span class='ocrx_word' id='word_1_291' title='bbox 1288 2236 1441 2275; x_wconf 88' lang='lat' dir='ltr'>illicito</span> <span class='ocrx_word' id='word_1_292' title='bbox 1462 2235 1702 2285; x_wconf 87' lang='lat' dir='ltr'>detentore,</span> <span class='ocrx_word' id='word_1_293' title='bbox 1723 2235 1840 2275; x_wconf 88' lang='lat' dir='ltr'>dicto</span> 
     </span>
     <span class='ocr_line' id='line_1_63' title="bbox 309 2299 1840 2354; baseline -0.001 -14"><span class='ocrx_word' id='word_1_294' title='bbox 309 2301 499 2354; x_wconf 85' lang='lat' dir='ltr'>capitulo</span> <span class='ocrx_word' id='word_1_295' title='bbox 530 2315 631 2340; x_wconf 90' lang='lat' dir='ltr'>cum</span> <span class='ocrx_word' id='word_1_296' title='bbox 663 2301 893 2341; x_wconf 86' lang='lat' dir='ltr'>subtractis</span> <span class='ocrx_word' id='word_1_297' title='bbox 925 2301 1026 2340; x_wconf 91' lang='lat' dir='ltr'>inde</span> <span class='ocrx_word' id='word_1_298' title='bbox 1058 2301 1268 2341; x_wconf 87' lang='lat' dir='ltr'>fructibus</span> <span class='ocrx_word' id='word_1_299' title='bbox 1301 2301 1392 2339; x_wconf 89' lang='lat' dir='ltr'>sine</span> <span class='ocrx_word' id='word_1_300' title='bbox 1423 2299 1725 2352; x_wconf 81' lang='lat' dir='ltr'>appellacionis</span> <span class='ocrx_word' id='word_1_301' title='bbox 1767 2299 1840 2338; x_wconf 91' lang='lat' dir='ltr'>ob-</span> 
     </span>
     <span class='ocr_line' id='line_1_64' title="bbox 311 2361 1840 2418; baseline -0.001 -15"><span class='ocrx_word' id='word_1_302' title='bbox 311 2364 476 2404; x_wconf 87' lang='lat' dir='ltr'>staculo</span> <span class='ocrx_word' id='word_1_303' title='bbox 496 2365 714 2404; x_wconf 84' lang='lat' dir='ltr'>mediante</span> <span class='ocrx_word' id='word_1_304' title='bbox 731 2364 908 2418; x_wconf 86' lang='lat' dir='ltr'>justicia</span> <span class='ocrx_word' id='word_1_305' title='bbox 939 2365 1113 2405; x_wconf 85' lang='lat' dir='ltr'>restitui</span> <span class='ocrx_word' id='word_1_306' title='bbox 1135 2364 1314 2404; x_wconf 63' lang='lat' dir='ltr'>faciatis</span> <span class='ocrx_word' id='word_1_307' title='bbox 1378 2363 1500 2410; x_wconf 82' lang='lat' dir='ltr'>Quod</span> <span class='ocrx_word' id='word_1_308' title='bbox 1523 2363 1555 2402; x_wconf 89' lang='lat' dir='ltr'>si</span> <span class='ocrx_word' id='word_1_309' title='bbox 1586 2375 1733 2403; x_wconf 88' lang='lat' dir='ltr'>omnes</span> <span class='ocrx_word' id='word_1_310' title='bbox 1754 2361 1840 2401; x_wconf 88' lang='lat' dir='ltr'>hiis</span> 
     </span>
     <span class='ocr_line' id='line_1_65' title="bbox 312 2425 1840 2481; baseline -0.002 -13"><span class='ocrx_word' id='word_1_311' title='bbox 312 2428 563 2481; x_wconf 81' lang='lat' dir='ltr'>exiquendis</span> <span class='ocrx_word' id='word_1_312' title='bbox 584 2429 866 2480; x_wconf 81' lang='lat' dir='ltr'>nequiveritis</span> <span class='ocrx_word' id='word_1_313' title='bbox 888 2429 1110 2477; x_wconf 89' lang='lat' dir='ltr'>interesse,</span> <span class='ocrx_word' id='word_1_314' title='bbox 1133 2429 1217 2468; x_wconf 89' lang='lat' dir='ltr'>duo</span> <span class='ocrx_word' id='word_1_315' title='bbox 1242 2431 1432 2468; x_wconf 78' lang='lat' dir='ltr'>vestrum</span> <span class='ocrx_word' id='word_1_316' title='bbox 1465 2440 1514 2466; x_wconf 88' lang='lat' dir='ltr'>ea</span> <span class='ocrx_word' id='word_1_317' title='bbox 1534 2425 1840 2466; x_wconf 87' lang='lat' dir='ltr'>nichilominus</span> 
     </span>
     <span class='ocr_line' id='line_1_66' title="bbox 312 2489 1840 2546; baseline -0.003 -14"><span class='ocrx_word' id='word_1_318' title='bbox 312 2496 593 2545; x_wconf 82' lang='lat' dir='ltr'>exequantur.</span> <span class='ocrx_word' id='word_1_319' title='bbox 656 2492 754 2531; x_wconf 79' lang='lat' dir='ltr'>Dat.</span> <span class='ocrx_word' id='word_1_320' title='bbox 797 2492 957 2543; x_wconf 74' lang='lat' dir='ltr'>Rmnae,</span> <span class='ocrx_word' id='word_1_321' title='bbox 990 2493 1103 2546; x_wconf 84' lang='lat' dir='ltr'>apud</span> <span class='ocrx_word' id='word_1_322' title='bbox 1145 2492 1353 2533; x_wconf 82' lang='lat' dir='ltr'>Sanctum</span> <span class='ocrx_word' id='word_1_323' title='bbox 1394 2491 1588 2540; x_wconf 88' lang='lat' dir='ltr'>Petrum,</span> <span class='ocrx_word' id='word_1_324' title='bbox 1629 2489 1702 2544; x_wconf 87' lang='lat' dir='ltr'>xiij</span> <span class='ocrx_word' id='word_1_325' title='bbox 1744 2489 1840 2529; x_wconf 83' lang='lat' dir='ltr'>Kal.</span> 
     </span>
     <span class='ocr_line' id='line_1_67' title="bbox 313 2555 1211 2610; baseline 0 -14"><span class='ocrx_word' id='word_1_326' title='bbox 313 2556 339 2596; x_wconf 84' lang='lat' dir='ltr'><strong>J</strong></span> <span class='ocrx_word' id='word_1_327' title='bbox 344 2557 450 2606; x_wconf 89' lang='lat' dir='ltr'>unii,</span> <span class='ocrx_word' id='word_1_328' title='bbox 473 2555 748 2609; x_wconf 84' lang='lat' dir='ltr'>pontificatus</span> <span class='ocrx_word' id='word_1_329' title='bbox 770 2557 904 2596; x_wconf 83' lang='lat' dir='ltr'>nostri</span> <span class='ocrx_word' id='word_1_330' title='bbox 926 2571 1038 2597; x_wconf 88' lang='lat' dir='ltr'>anno</span> <span class='ocrx_word' id='word_1_331' title='bbox 1060 2557 1211 2610; x_wconf 90' lang='lat' dir='ltr'>primo.</span> 
     </span>
    </p>
   </div>
   <div class='ocr_carea' id='block_1_10' title="bbox 405 2643 1843 2769">
    <p class='ocr_par' dir='ltr' id='par_1_12' title="bbox 405 2643 1843 2769">
     <span class='ocr_line' id='line_1_68' title="bbox 975 2643 1191 2688; baseline -0.005 -11"><span class='ocrx_word' id='word_1_332' title='bbox 975 2643 1191 2688; x_wconf 58' lang='lat' dir='ltr'>(imvm)</span> 
     </span>
     <span class='ocr_line' id='line_1_69' title="bbox 405 2712 1843 2769; baseline -0.003 -13"><span class='ocrx_word' id='word_1_333' title='bbox 405 2716 645 2757; x_wconf 82' lang='lat' dir='ltr'>Celestinns</span> <span class='ocrx_word' id='word_1_334' title='bbox 667 2716 916 2769; x_wconf 70' lang='lat' dir='ltr'>EpiscopUS,</span> <span class='ocrx_word' id='word_1_335' title='bbox 940 2730 1085 2755; x_wconf 84' lang='lat' dir='ltr'>servus</span> <span class='ocrx_word' id='word_1_336' title='bbox 1104 2729 1317 2756; x_wconf 82' lang='lat' dir='ltr'>servorum</span> <span class='ocrx_word' id='word_1_337' title='bbox 1340 2715 1435 2764; x_wconf 90' lang='lat' dir='ltr'>Dei,</span> <span class='ocrx_word' id='word_1_338' title='bbox 1457 2714 1666 2754; x_wconf 88' lang='lat' dir='ltr'>universis</span> <span class='ocrx_word' id='word_1_339' title='bbox 1685 2712 1843 2754; x_wconf 86' lang='lat' dir='ltr'>Christi</span> 
     </span>
    </p>
   </div>
   <div class='ocr_carea' id='block_1_11' title="bbox 315 2777 1843 2897">
    <p class='ocr_par' dir='ltr' id='par_1_13' title="bbox 315 2777 1843 2897">
     <span class='ocr_line' id='line_1_70' title="bbox 316 2777 1843 2832; baseline -0.003 -12"><span class='ocrx_word' id='word_1_340' title='bbox 316 2780 514 2820; x_wconf 88' lang='lat' dir='ltr'>fidelibus</span> <span class='ocrx_word' id='word_1_341' title='bbox 549 2793 622 2832; x_wconf 89' lang='lat' dir='ltr'>per</span> <span class='ocrx_word' id='word_1_342' title='bbox 659 2780 969 2819; x_wconf 81' lang='lat' dir='ltr'>Eboraccnsem</span> <span class='ocrx_word' id='word_1_343' title='bbox 1010 2780 1228 2819; x_wconf 73' lang='lat' dir='ltr'>dioecesim</span> <span class='ocrx_word' id='word_1_344' title='bbox 1269 2779 1532 2827; x_wconf 80' lang='lat' dir='ltr'>constitutis,</span> <span class='ocrx_word' id='word_1_345' title='bbox 1575 2777 1755 2817; x_wconf 85' lang='lat' dir='ltr'>salutem</span> <span class='ocrx_word' id='word_1_346' title='bbox 1798 2780 1843 2816; x_wconf 89' lang='lat' dir='ltr'>et</span> 
     </span>
     <span class='ocr_line' id='line_1_71' title="bbox 315 2841 1841 2897; baseline -0.003 -13"><span class='ocrx_word' id='word_1_347' title='bbox 315 2843 587 2897; x_wconf 78' lang='lat' dir='ltr'>apostolicam</span> <span class='ocrx_word' id='word_1_348' title='bbox 610 2843 972 2883; x_wconf 76' lang='lat' dir='ltr'>benediccionem.</span> <span class='ocrx_word' id='word_1_349' title='bbox 1035 2844 1260 2894; x_wconf 82' lang='lat' dir='ltr'>Quoniam,</span> <span class='ocrx_word' id='word_1_350' title='bbox 1282 2846 1333 2882; x_wconf 90' lang='lat' dir='ltr'>ut</span> <span class='ocrx_word' id='word_1_351' title='bbox 1353 2843 1414 2882; x_wconf 90' lang='lat' dir='ltr'>ait</span> <span class='ocrx_word' id='word_1_352' title='bbox 1440 2841 1670 2895; x_wconf 86' lang='lat' dir='ltr'>apostolus,</span> <span class='ocrx_word' id='word_1_353' title='bbox 1691 2853 1841 2881; x_wconf 74' lang='lat' dir='ltr'>ommes</span> 
     </span>
    </p>
   </div>
   <div class='ocr_carea' id='block_1_12' title="bbox 548 2922 1617 2969">
    <p class='ocr_par' dir='ltr' id='par_1_14' title="bbox 548 2922 1617 2969">
     <span class='ocr_line' id='line_1_72' title="bbox 548 2922 1617 2969; baseline 0.001 -12"><span class='ocrx_word' id='word_1_354' title='bbox 548 2925 603 2968; x_wconf 85' lang='lat' dir='ltr'>(l)</span> <span class='ocrx_word' id='word_1_355' title='bbox 631 2924 745 2958; x_wconf 66' lang='lat' dir='ltr'>There</span> <span class='ocrx_word' id='word_1_356' title='bbox 764 2929 859 2959; x_wconf 86' lang='lat' dir='ltr'>must</span> <span class='ocrx_word' id='word_1_357' title='bbox 877 2924 919 2959; x_wconf 91' lang='lat' dir='ltr'>be</span> <span class='ocrx_word' id='word_1_358' title='bbox 937 2924 1140 2969; x_wconf 73' lang='lat' dir='ltr'>something</span> <span class='ocrx_word' id='word_1_359' title='bbox 1157 2935 1279 2969; x_wconf 79' lang='lat' dir='ltr'>wrong</span> <span class='ocrx_word' id='word_1_360' title='bbox 1295 2924 1331 2957; x_wconf 88' lang='lat' dir='ltr'>in</span> <span class='ocrx_word' id='word_1_361' title='bbox 1350 2923 1411 2959; x_wconf 81' lang='lat' dir='ltr'>the</span> <span class='ocrx_word' id='word_1_362' title='bbox 1428 2923 1505 2958; x_wconf 85' lang='lat' dir='ltr'>MS.</span> <span class='ocrx_word' id='word_1_363' title='bbox 1525 2922 1617 2958; x_wconf 86' lang='lat' dir='ltr'>here.</span> 
     </span>
    </p>
   </div>
  </div>
 </body>
</html>
