<?xml version="1.0" encoding="UTF-8"?>
<!DOCTYPE html PUBLIC "-//W3C//DTD XHTML 1.0 Transitional//EN"
    "http://www.w3.org/TR/xhtml1/DTD/xhtml1-transitional.dtd">
<html xmlns="http://www.w3.org/1999/xhtml" xml:lang="en" lang="en">
 <head>
  <title>
</title>
<meta http-equiv="Content-Type" content="text/html;charset=utf-8" />
  <meta name='ocr-system' content='tesseract 3.04.00' />
  <meta name='ocr-capabilities' content='ocr_page ocr_carea ocr_par ocr_line ocrx_word'/>
</head>
<body>
  <div class='ocr_page' id='page_1' title='image "./memorialsofchurc01fowl/memorialsofchurc01fowl_0212.png"; bbox 0 0 1935 3151; ppageno 0'>
   <div class='ocr_carea' id='block_1_1' title="bbox 42 127 1320 185">
    <p class='ocr_par' dir='ltr' id='par_1_1' title="bbox 42 127 1320 185">
     <span class='ocr_line' id='line_1_1' title="bbox 42 127 1320 185; baseline 0.01 -13"><span class='ocrx_word' id='word_1_1' title='bbox 42 127 135 173; x_wconf 84' lang='grc'>188</span> <span class='ocrx_word' id='word_1_2' title='bbox 759 149 1033 184; x_wconf 83' lang='lat' dir='ltr'><strong>MEMORIALS</strong></span> <span class='ocrx_word' id='word_1_3' title='bbox 1068 151 1126 184; x_wconf 79' lang='lat' dir='ltr'>OF</span> <span class='ocrx_word' id='word_1_4' title='bbox 1162 152 1320 185; x_wconf 79' lang='lat' dir='ltr'>RIPON.</span> 
     </span>
    </p>
   </div>
   <div class='ocr_carea' id='block_1_2' title="bbox 36 257 1805 1089">
    <p class='ocr_par' dir='ltr' id='par_1_2' title="bbox 272 257 1805 767">
     <span class='ocr_line' id='line_1_2' title="bbox 274 257 1804 320; baseline 0.007 -24"><span class='ocrx_word' id='word_1_5' title='bbox 274 257 489 309; x_wconf 84' lang='lat' dir='ltr'>praedictis</span> <span class='ocrx_word' id='word_1_6' title='bbox 511 260 650 301; x_wconf 90' lang='lat' dir='ltr'>tribus</span> <span class='ocrx_word' id='word_1_7' title='bbox 670 261 783 302; x_wconf 89' lang='lat' dir='ltr'>rodis</span> <span class='ocrx_word' id='word_1_8' title='bbox 806 265 849 302; x_wconf 88' lang='lat' dir='ltr'>et</span> <span class='ocrx_word' id='word_1_9' title='bbox 871 262 1050 303; x_wconf 87' lang='lat' dir='ltr'>dimidia</span> <span class='ocrx_word' id='word_1_10' title='bbox 1073 268 1198 304; x_wconf 87' lang='lat' dir='ltr'>terrae</span> <span class='ocrx_word' id='word_1_11' title='bbox 1230 267 1275 304; x_wconf 88' lang='lat' dir='ltr'>et</span> <span class='ocrx_word' id='word_1_12' title='bbox 1305 263 1417 317; x_wconf 88' lang='lat' dir='ltr'>prati</span> <span class='ocrx_word' id='word_1_13' title='bbox 1439 277 1538 303; x_wconf 87' lang='lat' dir='ltr'>cum</span> <span class='ocrx_word' id='word_1_14' title='bbox 1560 265 1647 305; x_wconf 89' lang='lat' dir='ltr'>suis</span> <span class='ocrx_word' id='word_1_15' title='bbox 1668 268 1804 320; x_wconf 87' lang='lat' dir='ltr'>perti-</span> 
     </span>
     <span class='ocr_line' id='line_1_3' title="bbox 276 323 1805 382; baseline 0.007 -22"><span class='ocrx_word' id='word_1_16' title='bbox 276 323 440 363; x_wconf 89' lang='lat' dir='ltr'>nenciis</span> <span class='ocrx_word' id='word_1_17' title='bbox 462 324 516 364; x_wconf 93' lang='lat' dir='ltr'>de</span> <span class='ocrx_word' id='word_1_18' title='bbox 537 329 692 366; x_wconf 76' lang='lat' dir='ltr'>caetero</span> <span class='ocrx_word' id='word_1_19' title='bbox 713 326 883 380; x_wconf 81' lang='lat' dir='ltr'>exigere</span> <span class='ocrx_word' id='word_1_20' title='bbox 905 327 974 367; x_wconf 86' lang='lat' dir='ltr'>vel</span> <span class='ocrx_word' id='word_1_21' title='bbox 995 328 1218 368; x_wconf 87' lang='lat' dir='ltr'>vendicare</span> <span class='ocrx_word' id='word_1_22' title='bbox 1246 328 1482 382; x_wconf 78' lang='lat' dir='ltr'>poterimus</span> <span class='ocrx_word' id='word_1_23' title='bbox 1513 328 1560 367; x_wconf 92' lang='lat' dir='ltr'>in</span> <span class='ocrx_word' id='word_1_24' title='bbox 1591 328 1805 381; x_wconf 90' lang='lat' dir='ltr'>futurum,</span> 
     </span>
     <span class='ocr_line' id='line_1_4' title="bbox 277 387 1803 446; baseline 0.005 -20"><span class='ocrx_word' id='word_1_25' title='bbox 277 389 344 426; x_wconf 89' lang='lat' dir='ltr'>set</span> <span class='ocrx_word' id='word_1_26' title='bbox 363 387 416 427; x_wconf 85' lang='lat' dir='ltr'>ab</span> <span class='ocrx_word' id='word_1_27' title='bbox 447 390 565 428; x_wconf 91' lang='lat' dir='ltr'>omni</span> <span class='ocrx_word' id='word_1_28' title='bbox 586 390 755 430; x_wconf 81' lang='lat' dir='ltr'>accione</span> <span class='ocrx_word' id='word_1_29' title='bbox 779 391 912 430; x_wconf 90' lang='lat' dir='ltr'>simus</span> <span class='ocrx_word' id='word_1_30' title='bbox 936 392 1095 432; x_wconf 83' lang='lat' dir='ltr'>exclusi</span> <span class='ocrx_word' id='word_1_31' title='bbox 1118 406 1193 446; x_wconf 91' lang='lat' dir='ltr'>per</span> <span class='ocrx_word' id='word_1_32' title='bbox 1213 395 1444 446; x_wconf 89' lang='lat' dir='ltr'>praesentes</span> <span class='ocrx_word' id='word_1_33' title='bbox 1465 392 1803 446; x_wconf 85' lang='lat' dir='ltr'>imperpetuum.</span> 
     </span>
     <span class='ocr_line' id='line_1_5' title="bbox 276 449 1805 511; baseline 0.005 -21"><span class='ocrx_word' id='word_1_34' title='bbox 276 449 334 490; x_wconf 88' lang='lat' dir='ltr'>Et</span> <span class='ocrx_word' id='word_1_35' title='bbox 355 465 433 505; x_wconf 87' lang='lat' dir='ltr'>ego</span> <span class='ocrx_word' id='word_1_36' title='bbox 456 466 551 492; x_wconf 89' lang='lat' dir='ltr'>vero</span> <span class='ocrx_word' id='word_1_37' title='bbox 568 454 798 507; x_wconf 73' lang='lat' dir='ltr'>praedictus</span> <span class='ocrx_word' id='word_1_38' title='bbox 817 454 843 494; x_wconf 88' lang='lat' dir='ltr'><strong>J</strong></span> <span class='ocrx_word' id='word_1_39' title='bbox 847 453 1035 496; x_wconf 88' lang='lat' dir='ltr'>ohannes</span> <span class='ocrx_word' id='word_1_40' title='bbox 1052 457 1104 496; x_wconf 92' lang='lat' dir='ltr'>de</span> <span class='ocrx_word' id='word_1_41' title='bbox 1121 456 1301 496; x_wconf 86' lang='lat' dir='ltr'>Tanfeld</span> <span class='ocrx_word' id='word_1_42' title='bbox 1319 460 1364 496; x_wconf 90' lang='lat' dir='ltr'>et</span> <span class='ocrx_word' id='word_1_43' title='bbox 1379 455 1568 496; x_wconf 78' lang='lat' dir='ltr'>haeredes</span> <span class='ocrx_word' id='word_1_44' title='bbox 1591 458 1676 497; x_wconf 87' lang='lat' dir='ltr'>mei</span> <span class='ocrx_word' id='word_1_45' title='bbox 1698 472 1805 511; x_wconf 68' lang='lat' dir='ltr'>prae-</span> 
     </span>
     <span class='ocr_line' id='line_1_6' title="bbox 274 515 1804 574; baseline 0.005 -20"><span class='ocrx_word' id='word_1_46' title='bbox 274 515 410 556; x_wconf 85' lang='lat' dir='ltr'>dictas</span> <span class='ocrx_word' id='word_1_47' title='bbox 431 519 518 557; x_wconf 90' lang='lat' dir='ltr'>tres</span> <span class='ocrx_word' id='word_1_48' title='bbox 539 519 661 558; x_wconf 85' lang='lat' dir='ltr'>rodas</span> <span class='ocrx_word' id='word_1_49' title='bbox 677 522 722 558; x_wconf 87' lang='lat' dir='ltr'>et</span> <span class='ocrx_word' id='word_1_50' title='bbox 742 519 967 559; x_wconf 81' lang='lat' dir='ltr'>dimidiam</span> <span class='ocrx_word' id='word_1_51' title='bbox 979 523 1104 560; x_wconf 79' lang='lat' dir='ltr'>terrae</span> <span class='ocrx_word' id='word_1_52' title='bbox 1122 524 1166 560; x_wconf 92' lang='lat' dir='ltr'>et</span> <span class='ocrx_word' id='word_1_53' title='bbox 1180 521 1292 574; x_wconf 82' lang='lat' dir='ltr'>prati</span> <span class='ocrx_word' id='word_1_54' title='bbox 1306 534 1404 560; x_wconf 90' lang='lat' dir='ltr'>cum</span> <span class='ocrx_word' id='word_1_55' title='bbox 1423 521 1510 560; x_wconf 90' lang='lat' dir='ltr'>suis</span> <span class='ocrx_word' id='word_1_56' title='bbox 1526 522 1804 574; x_wconf 78' lang='lat' dir='ltr'>pertinenciis</span> 
     </span>
     <span class='ocr_line' id='line_1_7' title="bbox 273 579 1805 640; baseline 0.005 -21"><span class='ocrx_word' id='word_1_57' title='bbox 273 579 449 632; x_wconf 74' lang='lat' dir='ltr'>praefato</span> <span class='ocrx_word' id='word_1_58' title='bbox 470 581 498 621; x_wconf 84' lang='lat' dir='ltr'><strong>J</strong></span> <span class='ocrx_word' id='word_1_59' title='bbox 500 581 672 632; x_wconf 86' lang='lat' dir='ltr'>ohanni,</span> <span class='ocrx_word' id='word_1_60' title='bbox 694 581 935 623; x_wconf 72' lang='lat' dir='ltr'>haeredibus</span> <span class='ocrx_word' id='word_1_61' title='bbox 959 587 1001 624; x_wconf 85' lang='lat' dir='ltr'>et</span> <span class='ocrx_word' id='word_1_62' title='bbox 1033 586 1260 640; x_wconf 85' lang='lat' dir='ltr'>assignatis</span> <span class='ocrx_word' id='word_1_63' title='bbox 1285 585 1371 624; x_wconf 92' lang='lat' dir='ltr'>suis</span> <span class='ocrx_word' id='word_1_64' title='bbox 1392 588 1443 624; x_wconf 91' lang='lat' dir='ltr'>ut</span> <span class='ocrx_word' id='word_1_65' title='bbox 1463 586 1714 638; x_wconf 73' lang='lat' dir='ltr'>praedictum</span> <span class='ocrx_word' id='word_1_66' title='bbox 1738 591 1805 627; x_wconf 89' lang='lat' dir='ltr'>est</span> 
     </span>
     <span class='ocr_line' id='line_1_8' title="bbox 272 648 1803 705; baseline 0.007 -23"><span class='ocrx_word' id='word_1_67' title='bbox 272 648 419 684; x_wconf 84' lang='lat' dir='ltr'>contra</span> <span class='ocrx_word' id='word_1_68' title='bbox 446 659 594 686; x_wconf 89' lang='lat' dir='ltr'>omnes</span> <span class='ocrx_word' id='word_1_69' title='bbox 626 651 779 701; x_wconf 85' lang='lat' dir='ltr'>gentes</span> <span class='ocrx_word' id='word_1_70' title='bbox 803 649 1169 689; x_wconf 75' lang='lat' dir='ltr'>warantizabimus</span> <span class='ocrx_word' id='word_1_71' title='bbox 1197 650 1533 702; x_wconf 76' lang='lat' dir='ltr'>imperpetuum.</span> <span class='ocrx_word' id='word_1_72' title='bbox 1595 651 1647 689; x_wconf 91' lang='lat' dir='ltr'>In</span> <span class='ocrx_word' id='word_1_73' title='bbox 1681 650 1803 705; x_wconf 89' lang='lat' dir='ltr'>cujus</span> 
     </span>
     <span class='ocr_line' id='line_1_9' title="bbox 273 708 1802 767; baseline 0.005 -21"><span class='ocrx_word' id='word_1_74' title='bbox 273 708 335 747; x_wconf 85' lang='lat' dir='ltr'>rei</span> <span class='ocrx_word' id='word_1_75' title='bbox 358 709 658 749; x_wconf 89' lang='lat' dir='ltr'>testimonium</span> <span class='ocrx_word' id='word_1_76' title='bbox 678 709 781 750; x_wconf 88' lang='lat' dir='ltr'>huic</span> <span class='ocrx_word' id='word_1_77' title='bbox 802 713 1003 764; x_wconf 74' lang='lat' dir='ltr'>praesenti</span> <span class='ocrx_word' id='word_1_78' title='bbox 1028 714 1186 766; x_wconf 90' lang='lat' dir='ltr'>scripto</span> <span class='ocrx_word' id='word_1_79' title='bbox 1215 712 1407 767; x_wconf 86' lang='lat' dir='ltr'>sigillum</span> <span class='ocrx_word' id='word_1_80' title='bbox 1435 726 1582 751; x_wconf 91' lang='lat' dir='ltr'>meum</span> <span class='ocrx_word' id='word_1_81' title='bbox 1610 715 1802 766; x_wconf 89' lang='lat' dir='ltr'>apposui.</span> 
     </span>
    </p>

    <p class='ocr_par' dir='ltr' id='par_1_3' title="bbox 38 771 1804 896">
     <span class='ocr_line' id='line_1_10' title="bbox 38 771 1804 829; baseline 0.007 -24"><span class='ocrx_word' id='word_1_82' title='bbox 38 777 222 807; x_wconf 79' lang='lat' dir='ltr'>Witnesses.</span> <span class='ocrx_word' id='word_1_83' title='bbox 274 771 372 811; x_wconf 91' lang='lat' dir='ltr'>Hiis</span> <span class='ocrx_word' id='word_1_84' title='bbox 412 774 611 824; x_wconf 77' lang='lat' dir='ltr'>testibus,</span> <span class='ocrx_word' id='word_1_85' title='bbox 653 776 681 816; x_wconf 84' lang='lat' dir='ltr'><strong>J</strong></span> <span class='ocrx_word' id='word_1_86' title='bbox 684 774 852 815; x_wconf 82' lang='lat' dir='ltr'>ohanne</span> <span class='ocrx_word' id='word_1_87' title='bbox 894 777 946 816; x_wconf 91' lang='lat' dir='ltr'>de</span> <span class='ocrx_word' id='word_1_88' title='bbox 990 776 1195 828; x_wconf 80' lang='lat' dir='ltr'>Shirwod,</span> <span class='ocrx_word' id='word_1_89' title='bbox 1238 776 1425 817; x_wconf 84' lang='lat' dir='ltr'>Roberto</span> <span class='ocrx_word' id='word_1_90' title='bbox 1467 777 1518 816; x_wconf 93' lang='lat' dir='ltr'>de</span> <span class='ocrx_word' id='word_1_91' title='bbox 1559 777 1804 829; x_wconf 89' lang='lat' dir='ltr'>Brunhous,</span> 
     </span>
     <span class='ocr_line' id='line_1_11' title="bbox 272 834 1804 896; baseline 0.005 -22"><span class='ocrx_word' id='word_1_92' title='bbox 272 835 300 875; x_wconf 87' lang='lat' dir='ltr'><strong>J</strong></span> <span class='ocrx_word' id='word_1_93' title='bbox 303 834 470 877; x_wconf 90' lang='lat' dir='ltr'>ohanne</span> <span class='ocrx_word' id='word_1_94' title='bbox 511 837 564 878; x_wconf 92' lang='lat' dir='ltr'>de</span> <span class='ocrx_word' id='word_1_95' title='bbox 605 839 812 893; x_wconf 87' lang='lat' dir='ltr'>Topclyff,</span> <span class='ocrx_word' id='word_1_96' title='bbox 846 840 1066 881; x_wconf 79' lang='lat' dir='ltr'>willelmo</span> <span class='ocrx_word' id='word_1_97' title='bbox 1099 842 1151 881; x_wconf 89' lang='lat' dir='ltr'>de</span> <span class='ocrx_word' id='word_1_98' title='bbox 1195 841 1387 891; x_wconf 83' lang='lat' dir='ltr'>Scotton,</span> <span class='ocrx_word' id='word_1_99' title='bbox 1430 840 1617 880; x_wconf 88' lang='lat' dir='ltr'>Roberto</span> <span class='ocrx_word' id='word_1_100' title='bbox 1660 841 1804 896; x_wconf 84' lang='lat' dir='ltr'>Skayf,</span> 
     </span>
    </p>

    <p class='ocr_par' dir='ltr' id='par_1_4' title="bbox 37 900 1804 959">
     <span class='ocr_line' id='line_1_12' title="bbox 37 900 1804 959; baseline 0.007 -24"><span class='ocrx_word' id='word_1_101' title='bbox 37 905 179 939; x_wconf 81' lang='lat' dir='ltr'>Nov.14,</span> <span class='ocrx_word' id='word_1_102' title='bbox 272 900 487 942; x_wconf 78' lang='lat' dir='ltr'>Willelmo</span> <span class='ocrx_word' id='word_1_103' title='bbox 511 902 582 942; x_wconf 91' lang='lat' dir='ltr'>del</span> <span class='ocrx_word' id='word_1_104' title='bbox 614 902 838 955; x_wconf 86' lang='lat' dir='ltr'>Chamber,</span> <span class='ocrx_word' id='word_1_105' title='bbox 861 909 906 945; x_wconf 91' lang='lat' dir='ltr'>et</span> <span class='ocrx_word' id='word_1_106' title='bbox 936 907 1089 946; x_wconf 89' lang='lat' dir='ltr'>multis</span> <span class='ocrx_word' id='word_1_107' title='bbox 1114 906 1223 947; x_wconf 90' lang='lat' dir='ltr'>aliis.</span> <span class='ocrx_word' id='word_1_108' title='bbox 1285 906 1384 945; x_wconf 87' lang='lat' dir='ltr'>Dat.</span> <span class='ocrx_word' id='word_1_109' title='bbox 1406 905 1520 959; x_wconf 88' lang='lat' dir='ltr'>apud</span> <span class='ocrx_word' id='word_1_110' title='bbox 1542 906 1710 959; x_wconf 88' lang='lat' dir='ltr'>Ripon,&#39;</span> <span class='ocrx_word' id='word_1_111' title='bbox 1734 907 1804 947; x_wconf 90' lang='lat' dir='ltr'>die</span> 
     </span>
    </p>

    <p class='ocr_par' dir='ltr' id='par_1_5' title="bbox 36 947 1803 1089">
     <span class='ocr_line' id='line_1_13' title="bbox 36 947 1803 1023; baseline 0.006 -22"><span class='ocrx_word' id='word_1_112' title='bbox 36 953 106 975; x_wconf 57' lang='lat' dir='ltr'>Aa).</span> <span class='ocrx_word' id='word_1_113' title='bbox 123 947 208 976; x_wconf 76' lang='lat'><strong>¹3⁶⁷·</strong></span> <span class='ocrx_word' id='word_1_114' title='bbox 271 964 495 1005; x_wconf 90' lang='lat' dir='ltr'>Dominica</span> <span class='ocrx_word' id='word_1_115' title='bbox 527 981 644 1019; x_wconf 83' lang='lat' dir='ltr'>prox.</span> <span class='ocrx_word' id='word_1_116' title='bbox 679 972 776 1021; x_wconf 89' lang='lat' dir='ltr'>post</span> <span class='ocrx_word' id='word_1_117' title='bbox 808 969 970 1010; x_wconf 84' lang='lat' dir='ltr'>festum</span> <span class='ocrx_word' id='word_1_118' title='bbox 1012 971 1160 1011; x_wconf 84' lang='lat' dir='ltr'>Sancti</span> <span class='ocrx_word' id='word_1_119' title='bbox 1196 970 1375 1009; x_wconf 84' lang='lat' dir='ltr'>Martini</span> <span class='ocrx_word' id='word_1_120' title='bbox 1416 970 1463 1009; x_wconf 90' lang='lat' dir='ltr'>in</span> <span class='ocrx_word' id='word_1_121' title='bbox 1497 983 1637 1023; x_wconf 82' lang='lat' dir='ltr'>yeme,</span> <span class='ocrx_word' id='word_1_122' title='bbox 1679 971 1803 1011; x_wconf 89' lang='lat' dir='ltr'>Anno</span> 
     </span>
     <span class='ocr_line' id='line_1_14' title="bbox 271 1029 1345 1089; baseline 0.007 -21"><span class='ocrx_word' id='word_1_123' title='bbox 271 1029 445 1070; x_wconf 82' lang='lat' dir='ltr'>Domini</span> <span class='ocrx_word' id='word_1_124' title='bbox 466 1030 701 1073; x_wconf 90' lang='lat' dir='ltr'>Millesimo</span> <span class='ocrx_word' id='word_1_125' title='bbox 722 1037 837 1073; x_wconf 72' lang='lat' dir='ltr'>cccm⁰</span> <span class='ocrx_word' id='word_1_126' title='bbox 861 1035 1125 1089; x_wconf 83' lang='lat' dir='ltr'>sexagesimo</span> <span class='ocrx_word' id='word_1_127' title='bbox 1147 1035 1345 1089; x_wconf 78' lang='lat' dir='ltr'>septimo·</span> 
     </span>
    </p>
   </div>
   <div class='ocr_carea' id='block_1_3' title="bbox 980 1202 1094 1248">
    <p class='ocr_par' dir='ltr' id='par_1_6' title="bbox 980 1202 1094 1248">
     <span class='ocr_line' id='line_1_15' title="bbox 980 1202 1094 1248; baseline 0 -11"><span class='ocrx_word' id='word_1_128' title='bbox 980 1202 1094 1248; x_wconf 85' lang='lat' dir='ltr'>(xo.)</span> 
     </span>
    </p>
   </div>
   <div class='ocr_carea' id='block_1_4' title="bbox 33 1296 1804 2888">
    <p class='ocr_par' dir='ltr' id='par_1_7' title="bbox 33 1296 1804 1678">
     <span class='ocr_line' id='line_1_16' title="bbox 156 1296 1803 1353; baseline 0.002 -18"><span class='ocrx_word' id='word_1_129' title='bbox 156 1307 234 1341; x_wconf 67' lang='lat'>160,</span> <span class='ocrx_word' id='word_1_130' title='bbox 358 1296 505 1337; x_wconf 87' lang='lat' dir='ltr'>Sciant</span> <span class='ocrx_word' id='word_1_131' title='bbox 546 1302 780 1351; x_wconf 85' lang='lat' dir='ltr'>praesentes</span> <span class='ocrx_word' id='word_1_132' title='bbox 816 1302 859 1339; x_wconf 87' lang='lat' dir='ltr'>et</span> <span class='ocrx_word' id='word_1_133' title='bbox 901 1299 1039 1340; x_wconf 87' lang='lat' dir='ltr'>futuri</span> <span class='ocrx_word' id='word_1_134' title='bbox 1071 1300 1185 1353; x_wconf 92' lang='lat' dir='ltr'>quod</span> <span class='ocrx_word' id='word_1_135' title='bbox 1224 1313 1303 1353; x_wconf 86' lang='lat' dir='ltr'>ego</span> <span class='ocrx_word' id='word_1_136' title='bbox 1345 1296 1564 1340; x_wconf 80' lang='lat' dir='ltr'>Johannes</span> <span class='ocrx_word' id='word_1_137' title='bbox 1606 1298 1659 1338; x_wconf 89' lang='lat' dir='ltr'>de</span> <span class='ocrx_word' id='word_1_138' title='bbox 1692 1299 1803 1339; x_wconf 88' lang='lat' dir='ltr'>Tan-</span> 
     </span>
     <span class='ocr_line' id='line_1_17' title="bbox 35 1359 1804 1430; baseline 0.006 -38"><span class='ocrx_word' id='word_1_139' title='bbox 35 1362 138 1430; x_wconf 55' lang='lat' dir='ltr'>?rant</span> <span class='ocrx_word' id='word_1_140' title='bbox 153 1365 188 1394; x_wconf 84' lang='lat' dir='ltr'>of</span> <span class='ocrx_word' id='word_1_141' title='bbox 269 1359 358 1400; x_wconf 83' lang='lat' dir='ltr'>feld</span> <span class='ocrx_word' id='word_1_142' title='bbox 389 1361 441 1401; x_wconf 91' lang='lat' dir='ltr'>de</span> <span class='ocrx_word' id='word_1_143' title='bbox 474 1361 628 1415; x_wconf 87' lang='lat' dir='ltr'>Ripon’</span> <span class='ocrx_word' id='word_1_144' title='bbox 659 1362 774 1413; x_wconf 90' lang='lat' dir='ltr'>dedi,</span> <span class='ocrx_word' id='word_1_145' title='bbox 806 1365 1010 1414; x_wconf 85' lang='lat' dir='ltr'>concessi,</span> <span class='ocrx_word' id='word_1_146' title='bbox 1033 1367 1078 1404; x_wconf 88' lang='lat' dir='ltr'>et</span> <span class='ocrx_word' id='word_1_147' title='bbox 1099 1363 1177 1403; x_wconf 85' lang='lat' dir='ltr'>hac</span> <span class='ocrx_word' id='word_1_148' title='bbox 1198 1363 1400 1417; x_wconf 69' lang='lat' dir='ltr'>praesenti</span> <span class='ocrx_word' id='word_1_149' title='bbox 1432 1365 1547 1401; x_wconf 81' lang='lat' dir='ltr'>carta</span> <span class='ocrx_word' id='word_1_150' title='bbox 1579 1376 1673 1402; x_wconf 88' lang='lat' dir='ltr'>mea</span> <span class='ocrx_word' id='word_1_151' title='bbox 1703 1377 1804 1403; x_wconf 92' lang='lat' dir='ltr'>con-</span> 
     </span>
     <span class='ocr_line' id='line_1_18' title="bbox 34 1404 1801 1480; baseline 0.002 -17"><span class='ocrx_word' id='word_1_152' title='bbox 34 1404 170 1472; x_wconf 51' lang='grc' dir='ltr'>,ιᾝῖῗῐζ</span> <span class='ocrx_word' id='word_1_153' title='bbox 269 1424 435 1464; x_wconf 87' lang='lat' dir='ltr'>firmavi</span> <span class='ocrx_word' id='word_1_154' title='bbox 465 1424 655 1467; x_wconf 71' lang='lat' dir='ltr'>‚Iohanni</span> <span class='ocrx_word' id='word_1_155' title='bbox 696 1426 749 1466; x_wconf 92' lang='lat' dir='ltr'>de</span> <span class='ocrx_word' id='word_1_156' title='bbox 793 1427 922 1480; x_wconf 85' lang='lat' dir='ltr'>Clynt</span> <span class='ocrx_word' id='word_1_157' title='bbox 954 1428 1111 1468; x_wconf 85' lang='lat' dir='ltr'>seniori</span> <span class='ocrx_word' id='word_1_158' title='bbox 1142 1428 1194 1467; x_wconf 93' lang='lat' dir='ltr'>de</span> <span class='ocrx_word' id='word_1_159' title='bbox 1227 1425 1396 1480; x_wconf 85' lang='lat' dir='ltr'>Ripon’,</span> <span class='ocrx_word' id='word_1_160' title='bbox 1438 1426 1671 1479; x_wconf 86' lang='lat' dir='ltr'>capellano,</span> <span class='ocrx_word' id='word_1_161' title='bbox 1712 1431 1801 1467; x_wconf 83' lang='lat' dir='ltr'>tres</span> 
     </span>
     <span class='ocr_line' id='line_1_19' title="bbox 33 1480 1802 1551; baseline 0.002 -24"><span class='ocrx_word' id='word_1_162' title='bbox 33 1480 215 1551; x_wconf 50' lang='grc' dir='ltr'>ξέἒξθέἰῖῑο</span> <span class='ocrx_word' id='word_1_163' title='bbox 267 1489 388 1528; x_wconf 86' lang='lat' dir='ltr'>rodas</span> <span class='ocrx_word' id='word_1_164' title='bbox 411 1492 456 1529; x_wconf 90' lang='lat' dir='ltr'>et</span> <span class='ocrx_word' id='word_1_165' title='bbox 476 1489 700 1530; x_wconf 85' lang='lat' dir='ltr'>dimidiam</span> <span class='ocrx_word' id='word_1_166' title='bbox 722 1494 845 1531; x_wconf 86' lang='lat' dir='ltr'>terrae</span> <span class='ocrx_word' id='word_1_167' title='bbox 867 1496 912 1531; x_wconf 92' lang='lat' dir='ltr'>et</span> <span class='ocrx_word' id='word_1_168' title='bbox 933 1492 1045 1545; x_wconf 88' lang='lat' dir='ltr'>prati</span> <span class='ocrx_word' id='word_1_169' title='bbox 1063 1506 1163 1531; x_wconf 89' lang='lat' dir='ltr'>cum</span> <span class='ocrx_word' id='word_1_170' title='bbox 1186 1491 1275 1531; x_wconf 88' lang='lat' dir='ltr'>suis</span> <span class='ocrx_word' id='word_1_171' title='bbox 1292 1490 1588 1544; x_wconf 88' lang='lat' dir='ltr'>pertinenciis,</span> <span class='ocrx_word' id='word_1_172' title='bbox 1605 1490 1802 1544; x_wconf 77' lang='lat' dir='ltr'>jacentes</span> 
     </span>
     <span class='ocr_line' id='line_1_20' title="bbox 34 1552 1802 1607; baseline 0.003 -18"><span class='ocrx_word' id='word_1_173' title='bbox 34 1560 143 1598; x_wconf 72' lang='lat' dir='ltr'>Olym,</span> <span class='ocrx_word' id='word_1_174' title='bbox 265 1552 308 1592; x_wconf 86' lang='lat' dir='ltr'>in</span> <span class='ocrx_word' id='word_1_175' title='bbox 344 1567 493 1607; x_wconf 86' lang='lat' dir='ltr'>campo</span> <span class='ocrx_word' id='word_1_176' title='bbox 525 1554 678 1607; x_wconf 85' lang='lat' dir='ltr'>Ripon’</span> <span class='ocrx_word' id='word_1_177' title='bbox 709 1555 755 1594; x_wconf 89' lang='lat' dir='ltr'>in</span> <span class='ocrx_word' id='word_1_178' title='bbox 787 1555 969 1596; x_wconf 89' lang='lat' dir='ltr'>diversis</span> <span class='ocrx_word' id='word_1_179' title='bbox 998 1555 1116 1607; x_wconf 87' lang='lat' dir='ltr'>locis,</span> <span class='ocrx_word' id='word_1_180' title='bbox 1150 1556 1265 1595; x_wconf 89' lang='lat' dir='ltr'>unde</span> <span class='ocrx_word' id='word_1_181' title='bbox 1300 1569 1386 1594; x_wconf 88' lang='lat' dir='ltr'>una</span> <span class='ocrx_word' id='word_1_182' title='bbox 1415 1555 1516 1594; x_wconf 89' lang='lat' dir='ltr'>roda</span> <span class='ocrx_word' id='word_1_183' title='bbox 1547 1559 1592 1595; x_wconf 90' lang='lat' dir='ltr'>et</span> <span class='ocrx_word' id='word_1_184' title='bbox 1623 1556 1802 1595; x_wconf 86' lang='lat' dir='ltr'>dimidia</span> 
     </span>
     <span class='ocr_line' id='line_1_21' title="bbox 34 1599 1802 1678; baseline 0.002 -23"><span class='ocrx_word' id='word_1_185' title='bbox 34 1599 226 1678; x_wconf 46' lang='grc' dir='ltr'>ἓΐῐξέἓὲέῐ</span> <span class='ocrx_word' id='word_1_186' title='bbox 267 1619 392 1656; x_wconf 85' lang='lat' dir='ltr'>terrae</span> <span class='ocrx_word' id='word_1_187' title='bbox 426 1631 525 1657; x_wconf 92' lang='lat' dir='ltr'>cum</span> <span class='ocrx_word' id='word_1_188' title='bbox 569 1619 657 1657; x_wconf 90' lang='lat' dir='ltr'>suis</span> <span class='ocrx_word' id='word_1_189' title='bbox 691 1619 971 1672; x_wconf 86' lang='lat' dir='ltr'>pertinenciis</span> <span class='ocrx_word' id='word_1_190' title='bbox 1005 1620 1185 1660; x_wconf 88' lang='lat' dir='ltr'>insimul</span> <span class='ocrx_word' id='word_1_191' title='bbox 1213 1618 1361 1673; x_wconf 86' lang='lat' dir='ltr'>jacent</span> <span class='ocrx_word' id='word_1_192' title='bbox 1390 1618 1516 1672; x_wconf 84' lang='lat' dir='ltr'>juxta</span> <span class='ocrx_word' id='word_1_193' title='bbox 1553 1619 1802 1660; x_wconf 79' lang='lat' dir='ltr'>Randekerr</span> 
     </span>
    </p>

    <p class='ocr_par' dir='ltr' id='par_1_8' title="bbox 33 1681 1801 2888">
     <span class='ocr_line' id='line_1_22' title="bbox 267 1681 1800 1738; baseline 0.003 -19"><span class='ocrx_word' id='word_1_194' title='bbox 267 1681 382 1720; x_wconf 90' lang='lat' dir='ltr'>inter</span> <span class='ocrx_word' id='word_1_195' title='bbox 421 1684 581 1721; x_wconf 87' lang='lat' dir='ltr'>terram</span> <span class='ocrx_word' id='word_1_196' title='bbox 611 1681 821 1723; x_wconf 65' lang='lat' dir='ltr'>,Iohannis</span> <span class='ocrx_word' id='word_1_197' title='bbox 865 1684 1066 1724; x_wconf 87' lang='lat' dir='ltr'>Colstane</span> <span class='ocrx_word' id='word_1_198' title='bbox 1109 1698 1161 1724; x_wconf 88' lang='lat' dir='ltr'>ex</span> <span class='ocrx_word' id='word_1_199' title='bbox 1202 1687 1322 1738; x_wconf 88' lang='lat' dir='ltr'>parte</span> <span class='ocrx_word' id='word_1_200' title='bbox 1363 1683 1514 1723; x_wconf 91' lang='lat' dir='ltr'>boriali</span> <span class='ocrx_word' id='word_1_201' title='bbox 1555 1687 1600 1723; x_wconf 90' lang='lat' dir='ltr'>et</span> <span class='ocrx_word' id='word_1_202' title='bbox 1639 1688 1800 1724; x_wconf 79' lang='lat' dir='ltr'>terram</span> 
     </span>
     <span class='ocr_line' id='line_1_23' title="bbox 267 1743 1799 1801; baseline 0.003 -18"><span class='ocrx_word' id='word_1_203' title='bbox 267 1744 294 1784; x_wconf 89' lang='lat' dir='ltr'><strong>J</strong></span> <span class='ocrx_word' id='word_1_204' title='bbox 297 1743 478 1785; x_wconf 86' lang='lat' dir='ltr'>ohannis</span> <span class='ocrx_word' id='word_1_205' title='bbox 500 1746 731 1787; x_wconf 86' lang='lat' dir='ltr'>Euerwake</span> <span class='ocrx_word' id='word_1_206' title='bbox 755 1761 805 1787; x_wconf 92' lang='lat' dir='ltr'>ex</span> <span class='ocrx_word' id='word_1_207' title='bbox 837 1751 958 1801; x_wconf 84' lang='lat' dir='ltr'>parte</span> <span class='ocrx_word' id='word_1_208' title='bbox 979 1749 1170 1799; x_wconf 84' lang='lat' dir='ltr'>australi,</span> <span class='ocrx_word' id='word_1_209' title='bbox 1193 1752 1237 1788; x_wconf 87' lang='lat' dir='ltr'>et</span> <span class='ocrx_word' id='word_1_210' title='bbox 1268 1748 1469 1788; x_wconf 84' lang='lat' dir='ltr'>abbuttat</span> <span class='ocrx_word' id='word_1_211' title='bbox 1493 1761 1620 1801; x_wconf 88' lang='lat' dir='ltr'>super</span> <span class='ocrx_word' id='word_1_212' title='bbox 1641 1751 1799 1788; x_wconf 85' lang='lat' dir='ltr'>terram</span> 
     </span>
     <span class='ocr_line' id='line_1_24' title="bbox 266 1809 1801 1866; baseline 0.003 -18"><span class='ocrx_word' id='word_1_213' title='bbox 266 1809 457 1862; x_wconf 75' lang='lat' dir='ltr'>praedicti</span> <span class='ocrx_word' id='word_1_214' title='bbox 489 1809 701 1850; x_wconf 86' lang='lat' dir='ltr'>Johannis</span> <span class='ocrx_word' id='word_1_215' title='bbox 739 1811 948 1852; x_wconf 86' lang='lat' dir='ltr'>Euerwak</span> <span class='ocrx_word' id='word_1_216' title='bbox 989 1827 1041 1853; x_wconf 89' lang='lat' dir='ltr'>ex</span> <span class='ocrx_word' id='word_1_217' title='bbox 1081 1819 1202 1866; x_wconf 87' lang='lat' dir='ltr'>parte</span> <span class='ocrx_word' id='word_1_218' title='bbox 1244 1825 1391 1852; x_wconf 87' lang='lat' dir='ltr'>versus</span> <span class='ocrx_word' id='word_1_219' title='bbox 1432 1812 1713 1862; x_wconf 87' lang='lat' dir='ltr'>occidentem,</span> <span class='ocrx_word' id='word_1_220' title='bbox 1755 1816 1801 1852; x_wconf 86' lang='lat' dir='ltr'>et</span> 
     </span>
     <span class='ocr_line' id='line_1_25' title="bbox 266 1872 1800 1930; baseline 0.003 -18"><span class='ocrx_word' id='word_1_221' title='bbox 266 1872 446 1913; x_wconf 88' lang='lat' dir='ltr'>dimidia</span> <span class='ocrx_word' id='word_1_222' title='bbox 486 1887 582 1913; x_wconf 81' lang='lat' dir='ltr'>acra</span> <span class='ocrx_word' id='word_1_223' title='bbox 616 1875 729 1928; x_wconf 86' lang='lat' dir='ltr'>prati</span> <span class='ocrx_word' id='word_1_224' title='bbox 762 1889 860 1915; x_wconf 89' lang='lat' dir='ltr'>cum</span> <span class='ocrx_word' id='word_1_225' title='bbox 895 1877 982 1916; x_wconf 90' lang='lat' dir='ltr'>suis</span> <span class='ocrx_word' id='word_1_226' title='bbox 1014 1876 1294 1930; x_wconf 87' lang='lat' dir='ltr'>pertinenciis</span> <span class='ocrx_word' id='word_1_227' title='bbox 1326 1875 1440 1929; x_wconf 91' lang='lat' dir='ltr'>quod</span> <span class='ocrx_word' id='word_1_228' title='bbox 1471 1876 1686 1928; x_wconf 84' lang='lat' dir='ltr'>quondam</span> <span class='ocrx_word' id='word_1_229' title='bbox 1714 1875 1800 1916; x_wconf 89' lang='lat' dir='ltr'>fuit</span> 
     </span>
     <span class='ocr_line' id='line_1_26' title="bbox 33 1936 1799 1994; baseline 0.003 -19"><span class='ocrx_word' id='word_1_230' title='bbox 33 1950 221 1982; x_wconf 83' lang='lat' dir='ltr'>Haillekeld.</span> <span class='ocrx_word' id='word_1_231' title='bbox 266 1936 438 1977; x_wconf 88' lang='lat' dir='ltr'>Ricardi</span> <span class='ocrx_word' id='word_1_232' title='bbox 460 1938 513 1978; x_wconf 89' lang='lat' dir='ltr'>de</span> <span class='ocrx_word' id='word_1_233' title='bbox 543 1938 681 1979; x_wconf 84' lang='lat' dir='ltr'>Stowe</span> <span class='ocrx_word' id='word_1_234' title='bbox 706 1940 885 1980; x_wconf 90' lang='lat' dir='ltr'>insimul</span> <span class='ocrx_word' id='word_1_235' title='bbox 912 1939 1030 1994; x_wconf 88' lang='lat' dir='ltr'>jacet</span> <span class='ocrx_word' id='word_1_236' title='bbox 1058 1941 1172 1994; x_wconf 88' lang='lat' dir='ltr'>apud</span> <span class='ocrx_word' id='word_1_237' title='bbox 1201 1939 1450 1980; x_wconf 86' lang='lat' dir='ltr'>Haillekeld</span> <span class='ocrx_word' id='word_1_238' title='bbox 1473 1939 1600 1993; x_wconf 88' lang='lat' dir='ltr'>juxta</span> <span class='ocrx_word' id='word_1_239' title='bbox 1627 1949 1799 1993; x_wconf 85' lang='lat' dir='ltr'>pratum</span> 
     </span>
     <span class='ocr_line' id='line_1_27' title="bbox 266 2001 1800 2058; baseline 0.003 -18"><span class='ocrx_word' id='word_1_240' title='bbox 266 2002 458 2054; x_wconf 76' lang='lat' dir='ltr'>praedicti</span> <span class='ocrx_word' id='word_1_241' title='bbox 492 2001 702 2043; x_wconf 85' lang='lat' dir='ltr'>Johannis</span> <span class='ocrx_word' id='word_1_242' title='bbox 733 2004 787 2044; x_wconf 89' lang='lat' dir='ltr'>de</span> <span class='ocrx_word' id='word_1_243' title='bbox 820 2003 949 2058; x_wconf 85' lang='lat' dir='ltr'>Clyut</span> <span class='ocrx_word' id='word_1_244' title='bbox 980 2019 1031 2045; x_wconf 88' lang='lat' dir='ltr'>ex</span> <span class='ocrx_word' id='word_1_245' title='bbox 1062 2008 1183 2058; x_wconf 87' lang='lat' dir='ltr'>parte</span> <span class='ocrx_word' id='word_1_246' title='bbox 1215 2003 1408 2044; x_wconf 83' lang='lat' dir='ltr'>australi.</span> <span class='ocrx_word' id='word_1_247' title='bbox 1469 2004 1723 2044; x_wconf 88' lang='lat' dir='ltr'>Tenendum</span> <span class='ocrx_word' id='word_1_248' title='bbox 1755 2008 1800 2044; x_wconf 89' lang='lat' dir='ltr'>et</span> 
     </span>
     <span class='ocr_line' id='line_1_28' title="bbox 265 2063 1798 2121; baseline 0.002 -17"><span class='ocrx_word' id='word_1_249' title='bbox 265 2063 513 2106; x_wconf 85' lang='lat' dir='ltr'>habendum</span> <span class='ocrx_word' id='word_1_250' title='bbox 534 2067 760 2120; x_wconf 83' lang='lat' dir='ltr'>praedictas</span> <span class='ocrx_word' id='word_1_251' title='bbox 783 2071 872 2107; x_wconf 89' lang='lat' dir='ltr'>tres</span> <span class='ocrx_word' id='word_1_252' title='bbox 895 2069 1016 2109; x_wconf 85' lang='lat' dir='ltr'>rodas</span> <span class='ocrx_word' id='word_1_253' title='bbox 1040 2073 1085 2109; x_wconf 92' lang='lat' dir='ltr'>et</span> <span class='ocrx_word' id='word_1_254' title='bbox 1109 2069 1332 2108; x_wconf 86' lang='lat' dir='ltr'>dimidiam</span> <span class='ocrx_word' id='word_1_255' title='bbox 1355 2072 1479 2108; x_wconf 85' lang='lat' dir='ltr'>terrae</span> <span class='ocrx_word' id='word_1_256' title='bbox 1502 2071 1546 2107; x_wconf 91' lang='lat' dir='ltr'>et</span> <span class='ocrx_word' id='word_1_257' title='bbox 1567 2069 1677 2121; x_wconf 82' lang='lat' dir='ltr'>prati</span> <span class='ocrx_word' id='word_1_258' title='bbox 1699 2082 1798 2108; x_wconf 84' lang='lat' dir='ltr'>curn</span> 
     </span>
     <span class='ocr_line' id='line_1_29' title="bbox 268 2129 1799 2185; baseline 0.003 -18"><span class='ocrx_word' id='word_1_259' title='bbox 268 2129 356 2168; x_wconf 91' lang='lat' dir='ltr'>suis</span> <span class='ocrx_word' id='word_1_260' title='bbox 399 2130 694 2182; x_wconf 89' lang='lat' dir='ltr'>pertinenciis,</span> <span class='ocrx_word' id='word_1_261' title='bbox 725 2132 928 2184; x_wconf 75' lang='lat' dir='ltr'>praedicto</span> <span class='ocrx_word' id='word_1_262' title='bbox 970 2131 1158 2172; x_wconf 87' lang='lat' dir='ltr'>Johanni</span> <span class='ocrx_word' id='word_1_263' title='bbox 1199 2132 1252 2185; x_wconf 87' lang='lat' dir='ltr'>de</span> <span class='ocrx_word' id='word_1_264' title='bbox 1295 2131 1437 2185; x_wconf 88' lang='lat' dir='ltr'>Clynt,</span> <span class='ocrx_word' id='word_1_265' title='bbox 1468 2130 1710 2171; x_wconf 82' lang='lat' dir='ltr'>haeredibus</span> <span class='ocrx_word' id='word_1_266' title='bbox 1754 2135 1799 2171; x_wconf 87' lang='lat' dir='ltr'>et</span> 
     </span>
     <span class='ocr_line' id='line_1_30' title="bbox 264 2193 1797 2250; baseline 0.002 -19"><span class='ocrx_word' id='word_1_267' title='bbox 264 2193 498 2246; x_wconf 86' lang='lat' dir='ltr'>assignatis</span> <span class='ocrx_word' id='word_1_268' title='bbox 532 2194 633 2244; x_wconf 84' lang='lat' dir='ltr'>suis,</span> <span class='ocrx_word' id='word_1_269' title='bbox 657 2194 804 2246; x_wconf 86' lang='lat' dir='ltr'>libere,</span> <span class='ocrx_word' id='word_1_270' title='bbox 826 2196 987 2248; x_wconf 91' lang='lat' dir='ltr'>quiete,</span> <span class='ocrx_word' id='word_1_271' title='bbox 1009 2196 1195 2250; x_wconf 84' lang='lat' dir='ltr'>integre,</span> <span class='ocrx_word' id='word_1_272' title='bbox 1217 2195 1341 2246; x_wconf 82' lang='lat' dir='ltr'>bene,</span> <span class='ocrx_word' id='word_1_273' title='bbox 1364 2196 1408 2234; x_wconf 94' lang='lat' dir='ltr'>in</span> <span class='ocrx_word' id='word_1_274' title='bbox 1431 2209 1548 2248; x_wconf 85' lang='lat' dir='ltr'>pace,</span> <span class='ocrx_word' id='word_1_275' title='bbox 1571 2199 1615 2234; x_wconf 90' lang='lat' dir='ltr'>et</span> <span class='ocrx_word' id='word_1_276' title='bbox 1637 2196 1797 2248; x_wconf 80' lang='lat' dir='ltr'>imper-</span> 
     </span>
     <span class='ocr_line' id='line_1_31' title="bbox 265 2257 1795 2312; baseline 0.002 -17"><span class='ocrx_word' id='word_1_277' title='bbox 265 2259 462 2309; x_wconf 85' lang='lat' dir='ltr'>petuum,</span> <span class='ocrx_word' id='word_1_278' title='bbox 484 2257 536 2297; x_wconf 91' lang='lat' dir='ltr'>de</span> <span class='ocrx_word' id='word_1_279' title='bbox 569 2258 825 2311; x_wconf 78' lang='lat' dir='ltr'>capitalibus</span> <span class='ocrx_word' id='word_1_280' title='bbox 857 2259 1045 2299; x_wconf 89' lang='lat' dir='ltr'>dominis</span> <span class='ocrx_word' id='word_1_281' title='bbox 1077 2259 1191 2300; x_wconf 88' lang='lat' dir='ltr'>feodi</span> <span class='ocrx_word' id='word_1_282' title='bbox 1222 2259 1354 2308; x_wconf 86' lang='lat' dir='ltr'>illius,</span> <span class='ocrx_word' id='word_1_283' title='bbox 1377 2273 1452 2312; x_wconf 91' lang='lat' dir='ltr'>per</span> <span class='ocrx_word' id='word_1_284' title='bbox 1486 2260 1665 2299; x_wconf 88' lang='lat' dir='ltr'>servicia</span> <span class='ocrx_word' id='word_1_285' title='bbox 1694 2259 1795 2298; x_wconf 91' lang='lat' dir='ltr'>inde</span> 
     </span>
     <span class='ocr_line' id='line_1_32' title="bbox 265 2319 1796 2378; baseline 0.002 -19"><span class='ocrx_word' id='word_1_286' title='bbox 265 2319 409 2359; x_wconf 74' lang='lat' dir='ltr'>debita</span> <span class='ocrx_word' id='word_1_287' title='bbox 441 2324 486 2360; x_wconf 86' lang='lat' dir='ltr'>et</span> <span class='ocrx_word' id='word_1_288' title='bbox 517 2321 569 2361; x_wconf 92' lang='lat' dir='ltr'>de</span> <span class='ocrx_word' id='word_1_289' title='bbox 595 2321 695 2375; x_wconf 90' lang='lat' dir='ltr'>jure</span> <span class='ocrx_word' id='word_1_290' title='bbox 727 2326 946 2363; x_wconf 86' lang='lat' dir='ltr'>consueta.</span> <span class='ocrx_word' id='word_1_291' title='bbox 1009 2324 1066 2363; x_wconf 89' lang='lat' dir='ltr'>Et</span> <span class='ocrx_word' id='word_1_292' title='bbox 1097 2337 1177 2378; x_wconf 89' lang='lat' dir='ltr'>ego</span> <span class='ocrx_word' id='word_1_293' title='bbox 1199 2337 1296 2363; x_wconf 89' lang='lat' dir='ltr'>vero</span> <span class='ocrx_word' id='word_1_294' title='bbox 1327 2322 1555 2375; x_wconf 61' lang='lat' dir='ltr'>praedictus</span> <span class='ocrx_word' id='word_1_295' title='bbox 1577 2322 1796 2363; x_wconf 81' lang='lat' dir='ltr'>Johannes</span> 
     </span>
     <span class='ocr_line' id='line_1_33' title="bbox 264 2384 1795 2442; baseline 0.003 -19"><span class='ocrx_word' id='word_1_296' title='bbox 264 2384 317 2423; x_wconf 92' lang='lat' dir='ltr'>de</span> <span class='ocrx_word' id='word_1_297' title='bbox 346 2385 524 2425; x_wconf 87' lang='lat' dir='ltr'>Tanfeld</span> <span class='ocrx_word' id='word_1_298' title='bbox 547 2389 592 2426; x_wconf 90' lang='lat' dir='ltr'>et</span> <span class='ocrx_word' id='word_1_299' title='bbox 623 2386 814 2428; x_wconf 74' lang='lat' dir='ltr'>haeredes</span> <span class='ocrx_word' id='word_1_300' title='bbox 848 2389 934 2428; x_wconf 88' lang='lat' dir='ltr'>mei</span> <span class='ocrx_word' id='word_1_301' title='bbox 965 2389 1187 2442; x_wconf 75' lang='lat' dir='ltr'>praedictas</span> <span class='ocrx_word' id='word_1_302' title='bbox 1218 2392 1308 2427; x_wconf 84' lang='lat' dir='ltr'>tres</span> <span class='ocrx_word' id='word_1_303' title='bbox 1341 2387 1462 2427; x_wconf 89' lang='lat' dir='ltr'>rodas</span> <span class='ocrx_word' id='word_1_304' title='bbox 1494 2391 1538 2427; x_wconf 88' lang='lat' dir='ltr'>et</span> <span class='ocrx_word' id='word_1_305' title='bbox 1568 2389 1795 2428; x_wconf 83' lang='lat' dir='ltr'>dimidiam</span> 
     </span>
     <span class='ocr_line' id='line_1_34' title="bbox 264 2450 1795 2506; baseline 0.003 -19"><span class='ocrx_word' id='word_1_306' title='bbox 264 2450 390 2488; x_wconf 83' lang='lat' dir='ltr'>terrae</span> <span class='ocrx_word' id='word_1_307' title='bbox 412 2452 455 2488; x_wconf 88' lang='lat' dir='ltr'>et</span> <span class='ocrx_word' id='word_1_308' title='bbox 475 2451 585 2502; x_wconf 88' lang='lat' dir='ltr'>prati</span> <span class='ocrx_word' id='word_1_309' title='bbox 608 2464 707 2490; x_wconf 91' lang='lat' dir='ltr'>cum</span> <span class='ocrx_word' id='word_1_310' title='bbox 731 2452 819 2490; x_wconf 85' lang='lat' dir='ltr'>suis</span> <span class='ocrx_word' id='word_1_311' title='bbox 833 2453 1112 2505; x_wconf 80' lang='lat' dir='ltr'>pertinenciis</span> <span class='ocrx_word' id='word_1_312' title='bbox 1127 2451 1303 2506; x_wconf 81' lang='lat' dir='ltr'>praefato</span> <span class='ocrx_word' id='word_1_313' title='bbox 1323 2450 1795 2502; x_wconf 80' lang='lat' dir='ltr'>Johanni‚haeredibus,</span> 
     </span>
     <span class='ocr_line' id='line_1_35' title="bbox 264 2513 1796 2570; baseline 0.003 -19"><span class='ocrx_word' id='word_1_314' title='bbox 264 2516 309 2551; x_wconf 89' lang='lat' dir='ltr'>et</span> <span class='ocrx_word' id='word_1_315' title='bbox 339 2513 570 2567; x_wconf 86' lang='lat' dir='ltr'>assignatis</span> <span class='ocrx_word' id='word_1_316' title='bbox 604 2515 690 2554; x_wconf 91' lang='lat' dir='ltr'>suis</span> <span class='ocrx_word' id='word_1_317' title='bbox 723 2515 767 2554; x_wconf 89' lang='lat' dir='ltr'>in</span> <span class='ocrx_word' id='word_1_318' title='bbox 799 2515 935 2555; x_wconf 85' lang='lat' dir='ltr'>forma</span> <span class='ocrx_word' id='word_1_319' title='bbox 965 2517 1168 2570; x_wconf 86' lang='lat' dir='ltr'>praedicta</span> <span class='ocrx_word' id='word_1_320' title='bbox 1197 2519 1248 2556; x_wconf 92' lang='lat' dir='ltr'>ut</span> <span class='ocrx_word' id='word_1_321' title='bbox 1278 2516 1531 2569; x_wconf 75' lang='lat' dir='ltr'>praedictum</span> <span class='ocrx_word' id='word_1_322' title='bbox 1563 2519 1629 2555; x_wconf 87' lang='lat' dir='ltr'>est</span> <span class='ocrx_word' id='word_1_323' title='bbox 1649 2519 1796 2555; x_wconf 85' lang='lat' dir='ltr'>contra</span> 
     </span>
     <span class='ocr_line' id='line_1_36' title="bbox 265 2579 1794 2633; baseline 0.003 -18"><span class='ocrx_word' id='word_1_324' title='bbox 265 2589 412 2616; x_wconf 89' lang='lat' dir='ltr'>omnes</span> <span class='ocrx_word' id='word_1_325' title='bbox 434 2581 586 2632; x_wconf 78' lang='lat' dir='ltr'>gentes</span> <span class='ocrx_word' id='word_1_326' title='bbox 607 2579 976 2619; x_wconf 85' lang='lat' dir='ltr'>warantizabimus</span> <span class='ocrx_word' id='word_1_327' title='bbox 994 2584 1039 2620; x_wconf 87' lang='lat' dir='ltr'>et</span> <span class='ocrx_word' id='word_1_328' title='bbox 1060 2580 1341 2621; x_wconf 82' lang='lat' dir='ltr'>defendemus</span> <span class='ocrx_word' id='word_1_329' title='bbox 1360 2580 1694 2633; x_wconf 86' lang='lat' dir='ltr'>imperpetuum.</span> <span class='ocrx_word' id='word_1_330' title='bbox 1741 2580 1794 2619; x_wconf 93' lang='lat' dir='ltr'>In</span> 
     </span>
     <span class='ocr_line' id='line_1_37' title="bbox 265 2639 1794 2697; baseline 0.003 -19"><span class='ocrx_word' id='word_1_331' title='bbox 265 2639 387 2692; x_wconf 91' lang='lat' dir='ltr'>cujus</span> <span class='ocrx_word' id='word_1_332' title='bbox 428 2642 489 2680; x_wconf 90' lang='lat' dir='ltr'>rei</span> <span class='ocrx_word' id='word_1_333' title='bbox 527 2642 828 2682; x_wconf 84' lang='lat' dir='ltr'>testimonium</span> <span class='ocrx_word' id='word_1_334' title='bbox 869 2642 970 2683; x_wconf 91' lang='lat' dir='ltr'>huic</span> <span class='ocrx_word' id='word_1_335' title='bbox 1012 2644 1214 2697; x_wconf 75' lang='lat' dir='ltr'>praesenti</span> <span class='ocrx_word' id='word_1_336' title='bbox 1255 2647 1380 2683; x_wconf 79' lang='lat' dir='ltr'>cartae</span> <span class='ocrx_word' id='word_1_337' title='bbox 1415 2643 1605 2697; x_wconf 86' lang='lat' dir='ltr'>sigillum</span> <span class='ocrx_word' id='word_1_338' title='bbox 1647 2656 1794 2682; x_wconf 90' lang='lat' dir='ltr'>meum</span> 
     </span>
     <span class='ocr_line' id='line_1_38' title="bbox 33 2705 1793 2757; baseline 0.002 -15"><span class='ocrx_word' id='word_1_339' title='bbox 33 2713 215 2745; x_wconf 79' lang='lat' dir='ltr'>witnesses.</span> <span class='ocrx_word' id='word_1_340' title='bbox 264 2705 457 2756; x_wconf 80' lang='lat' dir='ltr'>apposui.</span> <span class='ocrx_word' id='word_1_341' title='bbox 520 2705 617 2745; x_wconf 92' lang='lat' dir='ltr'>Hiis</span> <span class='ocrx_word' id='word_1_342' title='bbox 669 2705 868 2756; x_wconf 78' lang='lat' dir='ltr'>testibus,</span> <span class='ocrx_word' id='word_1_343' title='bbox 910 2706 1108 2748; x_wconf 84' lang='lat' dir='ltr'>Johanne</span> <span class='ocrx_word' id='word_1_344' title='bbox 1158 2708 1211 2748; x_wconf 86' lang='lat' dir='ltr'>de</span> <span class='ocrx_word' id='word_1_345' title='bbox 1264 2706 1469 2757; x_wconf 82' lang='lat' dir='ltr'>Shirwod,</span> <span class='ocrx_word' id='word_1_346' title='bbox 1511 2706 1699 2746; x_wconf 89' lang='lat' dir='ltr'>Roberto</span> <span class='ocrx_word' id='word_1_347' title='bbox 1740 2707 1793 2746; x_wconf 88' lang='lat' dir='ltr'>de</span> 
     </span>
     <span class='ocr_line' id='line_1_39' title="bbox 266 2766 1792 2824; baseline 0.003 -19"><span class='ocrx_word' id='word_1_348' title='bbox 266 2766 510 2816; x_wconf 84' lang='lat' dir='ltr'>Brunhous,</span> <span class='ocrx_word' id='word_1_349' title='bbox 552 2767 750 2809; x_wconf 85' lang='lat' dir='ltr'>Johanne</span> <span class='ocrx_word' id='word_1_350' title='bbox 791 2770 843 2809; x_wconf 92' lang='lat' dir='ltr'>de</span> <span class='ocrx_word' id='word_1_351' title='bbox 885 2770 1090 2824; x_wconf 86' lang='lat' dir='ltr'>Topclyff,</span> <span class='ocrx_word' id='word_1_352' title='bbox 1121 2771 1342 2811; x_wconf 78' lang='lat' dir='ltr'>willelmo</span> <span class='ocrx_word' id='word_1_353' title='bbox 1373 2771 1562 2823; x_wconf 87' lang='lat' dir='ltr'>Lytster,</span> <span class='ocrx_word' id='word_1_354' title='bbox 1605 2770 1792 2810; x_wconf 84' lang='lat' dir='ltr'>Roberto</span> 
     </span>
     <span class='ocr_line' id='line_1_40' title="bbox 265 2828 1791 2888; baseline 0.004 -20"><span class='ocrx_word' id='word_1_355' title='bbox 265 2828 410 2882; x_wconf 82' lang='lat' dir='ltr'>Skayf,</span> <span class='ocrx_word' id='word_1_356' title='bbox 441 2831 657 2872; x_wconf 83' lang='lat' dir='ltr'>Willelmo</span> <span class='ocrx_word' id='word_1_357' title='bbox 689 2832 756 2873; x_wconf 91' lang='lat' dir='ltr'>del</span> <span class='ocrx_word' id='word_1_358' title='bbox 789 2832 1043 2883; x_wconf 87' lang='lat' dir='ltr'>Chaumber,</span> <span class='ocrx_word' id='word_1_359' title='bbox 1075 2833 1271 2874; x_wconf 70' lang='lat' dir='ltr'>,Iohanne</span> <span class='ocrx_word' id='word_1_360' title='bbox 1313 2834 1366 2874; x_wconf 89' lang='lat' dir='ltr'>de</span> <span class='ocrx_word' id='word_1_361' title='bbox 1398 2834 1451 2872; x_wconf 88' lang='lat' dir='ltr'>W</span> <span class='ocrx_word' id='word_1_362' title='bbox 1454 2832 1714 2888; x_wconf 86' lang='lat' dir='ltr'>hytyngton,</span> <span class='ocrx_word' id='word_1_363' title='bbox 1746 2838 1791 2874; x_wconf 89' lang='lat' dir='ltr'>et</span> 
     </span>
    </p>
   </div>
   <div class='ocr_carea' id='block_1_5' title="bbox 31 2893 1789 2966">
    <p class='ocr_par' dir='ltr' id='par_1_9' title="bbox 31 2893 1789 2966">
     <span class='ocr_line' id='line_1_41' title="bbox 31 2893 1789 2966; baseline 0 -30"><span class='ocrx_word' id='word_1_364' title='bbox 31 2896 227 2966; x_wconf 46' lang='grc' dir='ltr'>Ϊῗῐξᾟξὲι-ἳ.</span> <span class='ocrx_word' id='word_1_365' title='bbox 263 2893 416 2933; x_wconf 84' lang='lat' dir='ltr'>multis</span> <span class='ocrx_word' id='word_1_366' title='bbox 447 2895 558 2935; x_wconf 83' lang='lat' dir='ltr'>aliis.</span> <span class='ocrx_word' id='word_1_367' title='bbox 631 2896 728 2937; x_wconf 77' lang='lat' dir='ltr'>Dat.</span> <span class='ocrx_word' id='word_1_368' title='bbox 763 2897 876 2950; x_wconf 84' lang='lat' dir='ltr'>apud</span> <span class='ocrx_word' id='word_1_369' title='bbox 911 2897 1050 2950; x_wconf 86' lang='lat' dir='ltr'>Ripon</span> <span class='ocrx_word' id='word_1_370' title='bbox 1082 2898 1151 2938; x_wconf 89' lang='lat' dir='ltr'>die</span> <span class='ocrx_word' id='word_1_371' title='bbox 1184 2899 1317 2938; x_wconf 86' lang='lat' dir='ltr'>Lunae</span> <span class='ocrx_word' id='word_1_372' title='bbox 1347 2911 1463 2951; x_wconf 88' lang='lat' dir='ltr'>prox.</span> <span class='ocrx_word' id='word_1_373' title='bbox 1497 2901 1596 2951; x_wconf 87' lang='lat' dir='ltr'>post</span> <span class='ocrx_word' id='word_1_374' title='bbox 1628 2898 1789 2938; x_wconf 85' lang='lat' dir='ltr'>festum</span> 
     </span>
    </p>
   </div>
  </div>
 </body>
</html>
