1935 3151
38 740 124 771 John
138 740 168 769 le

39 779 143 810 Smale
163 789 238 818 says

37 820 110 848 that
125 820 179 848 the

40 859 146 897 king's
158 858 241 887 brief

38 907 125 926 came
142 903 172 926 to

38 937 122 966 John
138 938 175 966 de

38 976 200 1011 Bridling-

37 1020 104 1051 ton,
121 1016 184 1045 and

38 1056 110 1084 that
126 1055 179 1084 the

39 1095 166 1123 articles

40 1134 161 1171 alleged

40 1174 170 1211 against

39 1212 107 1241 him
123 1221 202 1241 were

40 1256 120 1282 truc.

44 1705 128 1734 John
145 1705 185 1734 de

46 1744 235 1782 Bridelyng-

45 1787 98 1813 ton
115 1784 177 1812 and

45 1822 130 1852 John
146 1823 175 1852 le

47 1862 153 1891 Smale
168 1871 221 1900 ap-

46 1910 120 1939 pear
135 1901 178 1939 by

47 1940 131 1969 their
148 1942 247 1970 attor-

47 1988 133 2018 neys.

48 2018 133 2047 John
152 2019 190 2048 de

47 2057 207 2096 Bridling-

49 2100 104 2126 ton
121 2106 187 2134 pro-

49 2137 144 2165 duces
159 2137 215 2166 the

48 2175 153 2213 king's

49 2215 140 2243 letter
155 2214 190 2244 of

49 2253 132 2282 June
147 2256 175 2290 5,

52 2294 137 2328 1346,
153 2298 215 2322 sta-

51 2331 121 2369 ting
136 2332 208 2361 that

50 2370 134 2399 John
152 2371 179 2400 le

50 2409 154 2438 Smale
166 2410 227 2439 had

50 2450 248 2486 represented

49 2488 114 2516 him
136 2498 169 2517 as

49 2527 136 2564 dead,

50 2659 189 2688 whereas
199 2660 238 2690 he

51 2708 114 2727 was
129 2699 236 2737 enjoy-

50 2737 106 2772 ing
121 2740 199 2772 good

52 2776 159 2804 hcalth
174 2788 180 2806 :

52 2816 106 2843 the
123 2816 199 2853 king

52 2854 202 2883 therefore

54 2893 181 2922 revokcs
200 2894 249 2922 his

757 166 1033 200 MEMORIALS
1068 166 1126 200 OF
1161 165 1318 201 RIPON.

273 293 353 321 nec
373 280 702 334 praedecessores
726 279 793 319 sui
813 279 866 320 ad
886 278 973 319 tale
1005 291 1112 320 onus
1133 277 1273 319 facere
1303 279 1558 319 tenerentur
1587 292 1668 320 nec
1699 292 1808 320 onus

271 345 382 385 illud
403 345 615 385 fecerunt.
677 345 735 384 Et
756 343 895 397 quoad
916 343 1076 383 dictam
1097 343 1272 383 domum
1294 356 1369 396 pro
1390 356 1509 383 mora
1528 343 1808 396 leprosorum,

271 410 379 449 dicit
398 409 511 463 quod
533 409 727 462 quaedam
748 408 899 447 domus
921 410 987 447 est
1007 407 1170 447 ibidem
1187 410 1304 447 stans
1321 421 1396 460 pro
1409 421 1527 447 mora
1542 407 1807 461 leprosorum

270 473 433 513 ibidem
455 473 727 513 veniencium
760 475 804 511 et
825 471 1185 511 commorancium
1211 474 1293 511 etc.
1355 471 1413 510 Et
1434 470 1512 511 1100
1533 474 1707 524 paratus
1739 475 1807 511 est

271 537 502 587 verificare,
535 541 617 577 etc.
680 536 807 576 Unde
842 548 930 575 non
965 535 1158 574 intendit
1191 535 1305 588 quod
1338 535 1538 575 dominus
1573 535 1664 575 Rex
1698 535 1806 575 velit

269 602 412 654 ipsum
434 602 487 641 de
508 601 772 654 possessione
795 612 871 639 sua
898 599 1155 652 inquietare,
1179 612 1254 639 seu
1284 599 1427 652 ipsum
1458 612 1483 639 0
1513 599 1708 639 custodia
1730 612 1806 639 sua

272 665 475 719 praedicta
495 678 706 716 amovere,
728 667 811 704 etc.

361 730 416 770 Et
449 729 477 770 J
479 728 668 769 ohannes
690 729 730 769 le
754 727 896 769 Smale
918 727 1024 768 dicit
1045 727 1159 781 quod
1178 726 1307 768 breve
1328 727 1491 767 domini
1513 727 1645 782 Regis
1667 726 1807 768 eidem

273 793 301 834 J
304 792 462 833 ohanni
514 793 566 833 de
618 790 946 846 Bridelyngton'
986 791 1039 831 ad
1079 791 1423 831 interessendum
1464 805 1604 831 coram
1645 791 1809 831 eisdem

274 857 569 897 visitatoribus
591 856 807 910 praedictis
829 856 898 896 die
922 859 963 896 et
985 855 1077 895 loco
1090 856 1226 896 venit.
1259 855 1318 895 Et
1338 855 1450 909 quod
1468 869 1615 895 omnes
1637 854 1810 895 articuli

273 922 320 962 in
351 922 635 974 inquisicione
656 921 859 974 praedicta
879 921 1087 974 comperti
1117 933 1193 973 pro
1224 920 1397 960 domino
1429 920 1547 974 Rege
1580 923 1683 960 sunt
1703 919 1809 969 veri,

276 986 388 1026 sicut
408 987 455 1025 in
475 986 759 1039 inquisicione
779 985 982 1038 praedicta
1002 985 1230 1038 reperitur,
1253 988 1334 1024 etc.
1378 985 1436 1024 Et
1457 983 1536 1024 hoc
1552 985 1680 1037 petit,
1695 984 1809 1037 quod

273 1051 516 1103 inquiratur
538 1064 612 1103 per
634 1051 831 1103 patriam.
863 1050 921 1089 Et
940 1049 1169 1103 praedictus
1191 1049 1218 1089 J
1221 1047 1410 1088 ohannes
1427 1049 1479 1089 de
1494 1047 1809 1102 Bridelington'

275 1114 487 1163 similiter,
510 1121 592 1153 etc.
635 1113 739 1153 Ideo
760 1116 1012 1166 preceptum
1030 1116 1097 1152 est
1109 1113 1364 1152 Vicecomiti
1387 1112 1498 1166 quod
1513 1112 1658 1152 venire
1678 1112 1808 1152 faciat

275 1191 415 1219 coram
437 1178 609 1218 domino
637 1178 756 1231 Rege
787 1191 812 1217 a
842 1177 911 1217 die
945 1177 1091 1217 Sancti
1122 1176 1295 1216 Hillarii
1327 1177 1373 1216 in
1404 1190 1458 1216 xv
1489 1177 1580 1216 dies
1611 1176 1808 1216 ubicum-

276 1256 359 1295 que
386 1246 467 1282 etc.
490 1241 608 1295 xxiiij
643 1245 724 1282 etc.
746 1255 823 1295 per
843 1255 948 1294 quos
971 1244 1052 1281 etc.
1113 1241 1171 1280 Et
1193 1241 1267 1294 qui
1288 1254 1367 1281 nec
1390 1244 1470 1281 etc.
1532 1241 1599 1280 Ad
1620 1254 1807 1294 recogn„

276 1310 357 1346 etc.
421 1306 530 1354 Quia
560 1309 666 1356 tam,
699 1310 781 1345 etc.
843 1307 901 1345 Et
933 1319 1059 1358 super
1090 1303 1170 1345 1100
1201 1305 1318 1345 idem
1349 1303 1569 1346 Johannes
1600 1304 1640 1344 10
1667 1304 1810 1345 810010

276 1370 422 1423 posuit
452 1370 544 1409 loco
577 1383 652 1410 suo
684 1370 916 1409 Ricardum
947 1369 1000 1409 de
1033 1368 1265 1422 Kesburgh
1307 1370 1353 1408 in
1393 1369 1551 1422 placito
1591 1368 1810 1421 praedicto.

277 1434 445 1484 Postea,
468 1434 719 1473 continuato
739 1432 841 1472 hinc
862 1434 962 1473 inde
983 1446 1183 1486 processu
1204 1433 1320 1472 inter
1340 1436 1483 1485 partes
1497 1433 1720 1486 praedictas
1736 1445 1813 1485 per

274 1497 442 1551 juratas
478 1498 593 1537 inter
634 1510 704 1536 eas
744 1497 904 1550 positas
944 1498 991 1537 in
1023 1500 1267 1550 respectum
1308 1510 1445 1550 usque
1486 1510 1510 1536 a
1550 1496 1621 1536 die
1664 1496 1813 1536 Sancti

279 1559 506 1601 Michaelis
538 1561 584 1600 in
613 1574 666 1600 xv
698 1561 789 1600 dies
820 1573 931 1600 anno
961 1561 1084 1614 regni
1116 1560 1247 1614 Regis
1278 1573 1394 1600 nunc
1416 1560 1582 1614 Angliae
1610 1560 1812 1599 vicesimo

277 1626 540 1678 ubicunque,
583 1629 664 1665 etc.
745 1625 812 1664 Ad
852 1638 982 1678 quem
1024 1625 1139 1664 diem
1191 1628 1404 1665 venerunt
1454 1638 1594 1664 coram
1636 1624 1811 1663 domino

279 1690 399 1743 Rege
421 1693 511 1728 tam
533 1690 762 1742 praedictus
784 1690 811 1730 J
815 1688 1003 1728 ohannes
1035 1689 1088 1729 de
1120 1689 1432 1743 Bridelyngton
1459 1702 1534 1742 per
1554 1688 1808 1741 praedictum

279 1757 547 1793 attornatum
569 1767 697 1806 quam
718 1753 948 1806 praedictus
971 1752 997 1792 J
1000 1752 1189 1792 ohannes
1219 1753 1259 1792 10
1284 1753 1424 1793 Smale
1445 1766 1522 1805 per
1543 1755 1811 1792 attornatum

280 1831 408 1857 suum
428 1817 712 1871 praedictum3
745 1820 790 1856 et
820 1817 936 1856 idem
968 1815 1185 1858 Johannes
1217 1817 1270 1857 de
1302 1815 1629 1870 Bridelyngton'
1649 1815 1812 1869 profert

279 1880 350 1921 hic
371 1881 516 1921 literas
539 1882 703 1921 domini
725 1881 856 1934 Regis
878 1884 1077 1934 patentes
1098 1882 1145 1920 in
1165 1879 1256 1920 haec
1277 1880 1418 1920 verba.

372 1945 614 1994 Edwardus,
636 1945 718 1984 Dei
749 1945 891 1999 gracia
922 1945 1013 1984 Rex
1044 1944 1210 1998 Angliae
1242 1947 1287 1984 et
1318 1944 1507 1984 Franciae
1539 1946 1584 1983 et
1615 1943 1814 1983 dominus

280 2009 514 2060 Hiberniae,
556 2009 756 2049 omnibus
808 2009 861 2048 ad
913 2021 1019 2062 quos
1058 2011 1291 2062 praesentes
1338 2008 1475 2048 literae
1526 2007 1814 2061 pervenerint,

282 2073 480 2113 salutem.
544 2073 698 2112 Sciatis
720 2073 833 2126 quod
848 2086 945 2112 cum
959 2086 1110 2125 nuper,
1129 2075 1329 2126 suggesto
1347 2071 1468 2111 nobis
1481 2085 1557 2125 per
1573 2072 1600 2112 J
1603 2070 1815 2111 ohannem

281 2138 321 2177 10
356 2137 512 2188 Smale,
534 2137 751 2188 clericum,
783 2137 897 2190 quod
933 2136 1151 2178 ,Iohannes
1184 2137 1236 2176 de
1274 2137 1600 2191 Bridelyngton,
1622 2136 1816 2186 clericus,

282 2202 492 2255 Magister
522 2200 746 2254 hospitalis
778 2201 923 2241 Beatae
955 2201 1104 2240 Mariae
1135 2201 1400 2254 Magdalenae
1429 2201 1483 2240 de
1512 2199 1677 2253 Ripon’,
1700 2199 1815 2238 diem

281 2265 437 2305 clausit
458 2268 713 2315 extremum,
737 2269 781 2305 et
812 2265 926 2318 quod
947 2265 1119 2304 collacio
1151 2264 1344 2318 ejusdem
1376 2263 1613 2317 hospitalis,
1635 2263 1687 2303 ad
1710 2276 1814 2315 quos

281 2330 528 2382 pertinebat
558 2329 772 2383 hospitale
804 2329 1074 2383 praedictum,
1094 2328 1271 2382 praefato
1302 2327 1491 2368 Johanni
1522 2328 1562 2368 le
1594 2327 1735 2368 Smale
1761 2326 1814 2366 ad

283 2394 628 2446 procuracionem
661 2407 779 2433 suam
812 2393 1137 2443 contulerimus,
1159 2406 1236 2445 per
1256 2393 1368 2445 quod
1391 2392 1506 2431 idem
1533 2392 1561 2433 J
1564 2390 1751 2431 ohannes
1774 2390 1814 2430 le

284 2456 425 2497 Smale
456 2456 682 2509 praefatum
714 2455 958 2497 Johannem
990 2458 1041 2497 de
1075 2455 1372 2510 Bridlyngton'
1395 2469 1522 2508 super
1552 2455 1815 2508 possessione

283 2534 358 2560 sua
390 2519 615 2573 hospitalis
647 2521 856 2572 praedicti,
888 2521 1000 2573 quod
1021 2534 1045 2560 a
1076 2521 1204 2574 longo
1234 2524 1427 2573 tempore
1458 2519 1633 2572 pacifice
1655 2519 1816 2567 tenuit,

282 2583 444 2637 injuste
483 2588 527 2624 et
561 2583 798 2623 voluntarie
835 2584 1096 2624 molestavit.
1157 2584 1260 2635 Nos,
1302 2597 1378 2637 pro
1420 2596 1469 2623 eo
1511 2583 1624 2636 quod
1667 2595 1816 2621 sumus

283 2648 646 2688 certitudinaliter
677 2647 897 2687 informati
929 2648 1042 2702 quod
1074 2648 1305 2701 praedictus
1337 2646 1556 2688 Johannes
1587 2646 1639 2685 de
1664 2645 1815 2685 Bride-

283 2711 478 2765 lyngton'
509 2711 713 2765 corporali
755 2711 917 2764 gaudet
959 2713 1178 2764 sospitate,
1221 2715 1265 2751 et
1306 2711 1419 2764 quod
1455 2709 1528 2763 jus
1568 2709 1816 2749 conferendi

283 2773 494 2827 hospitale
516 2775 784 2828 przedictum,
798 2778 925 2827 prout
941 2774 1061 2814 nobis
1087 2776 1237 2814 datum
1260 2775 1344 2814 fuit
1365 2773 1568 2827 intelligi,
1585 2787 1671 2812 non
1685 2771 1816 2812 habe-

282 2851 393 2888 0103,
414 2839 687 2878 collacionem
709 2843 898 2878 nostram
920 2838 1169 2890 praedictam
1190 2838 1366 2891 praefato
1398 2836 1587 2878 Johanni
1608 2836 1648 2876 10
1672 2835 1813 2876 Smale

282 2902 334 2941 (10
366 2903 479 2943 dicto
501 2902 700 2957 hospitali
733 2903 791 2943 sic
814 2902 971 2943 factam
993 2907 1141 2943 tenore
1171 2903 1452 2957 praesencium
1483 2914 1728 2943 revocamus
1761 2914 1812 2941 ex
