1935 3151
573 146 798 181 ORIGINAL
833 143 1121 179 DOCUMENTS.

84 260 288 314 praedicto
328 259 500 300 domino
532 259 671 299 Dauid
702 250 917 312 quendam
949 255 1178 297 annualem
1209 253 1428 294 redditum
1459 252 1618 307 viginti

86 324 319 364 solidorum
361 324 617 364 exeuncium
659 323 711 362 de
749 323 874 362 terris
907 325 951 361 et
982 318 1244 360 tenementis
1279 331 1373 371 quae
1405 316 1619 370 quondam

84 387 265 428 fuerunt
296 387 465 427 Ricardi
497 387 536 426 16
570 385 785 439 Shephird
817 385 870 425 de
904 383 1056 437 Ripon’
1088 384 1133 422 in
1165 382 1205 423 le
1227 380 1460 431 Horsefair,
1481 380 1619 433 perci-

86 452 296 505 piendum
317 451 543 491 annuatim
565 450 617 490 ad
649 450 861 490 terminos
893 448 1118 501 praedictos
1140 451 1183 487 et
1207 446 1353 486 Sancti
1375 444 1554 484 Martini
1576 444 1621 482 in

86 528 212 568 yeme
234 528 309 568 per
330 514 513 567 aequales
535 514 755 567 porciones
777 513 821 552 in
854 515 1127 566 perpetuum.
1191 509 1389 550 Concessi
1412 508 1547 548 eciam
1579 510 1624 546 et

87 579 187 619 dedi
219 579 360 618 eidem
392 579 566 619 domino
598 577 753 627 Dauid,
786 590 922 617 unum
953 575 1184 615 annualem
1215 573 1435 614 redditum
1458 575 1624 625 septem

89 642 324 682 solidorum
345 643 603 682 exeuncium
625 641 678 681 de
700 643 951 681 tenemento
973 639 1130 692 Rogeri
1152 636 1327 692 Wright
1348 637 1394 676 in
1418 635 1624 689 Skelgate

90 706 143 745 ad
179 706 388 746 terminos
431 705 692 758 subscriptos
734 704 974 758 praedictos.
1038 702 1236 743 Concessi
1270 702 1404 741 eciam
1442 703 1487 739 et
1526 698 1627 738 dedi

90 770 295 823 praedicto
315 770 488 809 domino
510 769 652 809 Dauid
673 782 810 808 unum
827 767 1057 808 annualem
1072 766 1291 806 redditum
1309 779 1380 805 sex
1396 764 1627 804 solidorum

91 834 262 887 argenti
284 834 542 872 exeuncium
563 833 616 872 de
638 846 725 872 uno
747 832 956 885 burgagio
980 834 1022 870 et
1045 844 1131 870 una
1152 830 1331 883 grangia
1362 831 1407 868 et
1428 840 1514 867 una
1536 838 1630 865 acra

93 901 139 937 et
160 897 340 937 dimidia
360 897 472 950 prati
493 897 671 936 Henrici
703 896 772 936 del
805 895 917 935 Keld
949 895 994 934 in
1025 894 1306 947 Berfordgate
1338 896 1382 932 et
1414 890 1631 931 Randkeir

92 961 146 1001 ad
167 961 375 1000 terminos
396 961 634 1013 praedictos.
697 959 892 1000 Concessi
915 959 1053 998 eciam
1075 961 1117 997 et
1141 957 1255 1006 dedi,
1277 960 1321 996 et
1334 955 1412 996 hac
1428 954 1631 1009 praesenti

95 1027 211 1065 carta
224 1037 320 1064 mea
335 1024 580 1064 confirmavi
594 1023 798 1077 praedicto
815 1023 988 1063 domino
1001 1021 1157 1071 Dauid,
1172 1020 1387 1074 quendam
1402 1018 1633 1059 annualem

95 1088 317 1128 redditum
339 1088 523 1127 duorum
545 1088 777 1127 solidorum
800 1090 845 1126 et
865 1089 961 1126 octo
987 1085 1261 1125 denariorum
1282 1083 1451 1138 argenti
1474 1094 1633 1122 exeun-

96 1155 188 1192 tem
209 1151 262 1191 de
282 1152 547 1191 tenementis
569 1165 663 1204 quae
685 1150 902 1203 quondam
916 1149 1094 1189 fuerunt
1112 1147 1296 1189 Galfridi
1318 1147 1370 1187 de
1383 1145 1634 1186 Pontefract

98 1216 142 1254 in
185 1215 469 1269 Ploxumgate
500 1215 553 1254 ad
583 1215 791 1254 terminos
822 1213 1047 1267 praedictos
1077 1226 1154 1265 per
1184 1211 1368 1264 aequales
1399 1210 1635 1263 porciones.

98 1279 156 1318 Et
179 1279 213 1318 si
236 1279 458 1333 contingat
480 1278 703 1330 praedictos
735 1277 932 1317 redditus
964 1290 989 1315 a
1018 1279 1134 1315 retro
1165 1288 1256 1314 esse
1279 1275 1325 1313 in
1346 1276 1468 1326 parte
1490 1272 1559 1312 vel
1589 1272 1634 1310 in

97 1346 205 1392 toto,
246 1346 344 1395 post
378 1341 565 1394 aliquem
605 1342 856 1391 terminum,
900 1340 1008 1380 bene
1049 1339 1178 1378 liceat
1218 1337 1422 1391 praedicto
1463 1336 1636 1376 domino

99 1406 255 1456 Dauid,
277 1404 516 1445 haeredibus
539 1408 583 1445 et
603 1405 830 1459 assignatis
853 1405 954 1454 suis,
976 1404 1022 1442 in
1053 1402 1254 1442 omnibus
1275 1401 1490 1454 praedictis
1513 1400 1638 1439 terris

99 1473 145 1509 et
165 1470 431 1509 tenementis
453 1482 552 1508 cum
575 1469 662 1508 suis
682 1468 965 1521 pertinenciis
987 1466 1261 1520 distringere,
1279 1468 1324 1504 et
1345 1464 1638 1504 districciones

101 1533 289 1573 retinere
310 1545 533 1585 quousque
554 1532 606 1572 de
628 1535 721 1573 toto
741 1531 946 1585 praedicto
966 1530 1139 1570 redditu
1162 1532 1207 1569 et
1227 1529 1465 1581 arreragiis,
1489 1528 1523 1567 si
1545 1540 1639 1580 quae

101 1595 280 1646 fuerint,
311 1597 501 1649 plenarie
532 1596 667 1636 fuerit
698 1595 979 1636 satisfactum.
1041 1593 1304 1634 Habendum
1336 1595 1381 1632 et
1400 1591 1641 1632 tenendum

103 1660 247 1700 omnia
282 1660 485 1712 praedicta
515 1660 772 1714 messuagia,
812 1662 963 1708 terras,
996 1660 1041 1697 et
1081 1660 1217 1710 prata,
1260 1670 1359 1696 cum
1400 1654 1642 1695 redditibus

104 1722 320 1777 praedictis
342 1737 441 1763 cum
473 1724 561 1763 suis
591 1723 884 1776 pertinenciis,
906 1721 1085 1775 praefato
1115 1720 1289 1760 domino
1321 1719 1476 1768 Dauid,
1508 1717 1643 1758 haere-

105 1786 232 1827 dibus
255 1790 299 1826 et
319 1787 547 1840 assignatis
572 1787 673 1836 suis,
695 1786 842 1836 libere,
865 1786 1026 1838 quiete,
1047 1785 1233 1838 integre,
1254 1783 1377 1832 bene,
1399 1783 1445 1821 in
1459 1795 1575 1835 pace,
1599 1785 1644 1820 et

106 1851 446 1904 imperpetuum,
483 1851 536 1890 de
574 1850 830 1903 capitalibus
865 1849 1051 1889 dominis
1089 1847 1312 1887 feodorum
1346 1846 1534 1896 illorum,
1567 1858 1643 1898 per

107 1915 284 1955 servicia
317 1914 418 1954 inde
447 1914 594 1954 debita
622 1917 667 1954 et
697 1914 750 1953 de
781 1913 880 1966 jure
907 1914 1127 1952 consueta.
1191 1911 1249 1950 Et
1285 1923 1365 1961 ego
1399 1923 1498 1949 vero
1533 1922 1642 1962 pree.-

106 1978 249 2018 dietus
285 1976 504 2018 ,Iohannes
538 1980 584 2017 et
617 1975 806 2017 haeredes
843 1976 930 2015 mei
966 1975 1110 2015 omnia
1151 1973 1353 2027 praedicta
1386 1973 1642 2026 messuagia,

106 2044 257 2092 terras,
279 2045 323 2081 et
344 2044 478 2094 prata,
500 2055 600 2081 cum
630 2040 869 2080 redditibus
903 2040 990 2079 suis
1023 2042 1068 2078 et
1100 2052 1198 2077 cum
1231 2037 1318 2076 suis
1350 2036 1644 2090 pertinenciis,

107 2104 285 2158 praefato
321 2105 494 2144 domino
527 2104 684 2154 Dauid,
717 2103 960 2144 haeredibus
994 2106 1039 2142 et
1072 2101 1301 2155 assignatis
1331 2100 1433 2149 suis,
1462 2103 1513 2139 ut
1538 2112 1644 2152 prae-

107 2169 273 2208 dictum
296 2172 375 2218 est,
397 2172 545 2208 contra
565 2181 714 2208 omnes
735 2172 889 2222 gentes
909 2165 1275 2206 warantizabimus
1297 2167 1341 2203 et
1363 2163 1643 2203 defendemus

109 2232 446 2285 imperpetuum.
507 2232 560 2272 In
582 2232 706 2285 cujus
726 2232 789 2271 rei
819 2230 1121 2271 testimonium
1152 2227 1253 2267 huic
1281 2227 1485 2280 praesenti
1517 2230 1643 2265 cartae

111 2295 305 2349 sigillum
335 2308 483 2335 meum
514 2296 705 2348 apposui.
767 2295 864 2334 Hiis
896 2293 1098 2342 testibus,
1130 2290 1326 2331 Johanne
1359 2290 1412 2329 de
1445 2288 1644 2338 Clother’,

111 2359 139 2400 J
140 2357 308 2399 ohanne
329 2359 381 2398 de
405 2357 610 2410 Shirwod,
624 2359 811 2399 Roberto
827 2358 880 2398 de
898 2356 1142 2406 Brunhous,
1157 2355 1184 2395 J
1186 2353 1352 2395 ohanne
1367 2354 1420 2394 de
1437 2353 1644 2407 Topclyff,

112 2422 330 2462 vvillelmo
370 2422 424 2462 de
467 2422 659 2473 Scotton,
701 2425 747 2461 et
791 2421 942 2461 multis
992 2420 1101 2459 aliis.
1183 2418 1281 2458 Dat.
1323 2418 1436 2470 apud
1479 2417 1644 2470 Ripon’,

113 2489 264 2538 quarto
285 2485 356 2526 die
387 2486 548 2526 mensis
581 2486 753 2539 Aprilis,
774 2498 886 2525 anno
917 2484 1092 2524 Domini
1124 2482 1358 2522 Millesimo
1378 2484 1495 2520 ccc¹¹²⁰
1526 2494 1644 2520 sexa-

114 2548 278 2601 gesimo
301 2549 497 2601 septimO.

771 2665 984 2711 (xornl.)

206 2750 414 2791 Omnibus
436 2751 514 2791 hoc
537 2753 744 2805 scriptum
766 2752 920 2791 visuris
942 2751 1010 2791 vel
1031 2749 1258 2799 audituris,
1280 2748 1412 2787 Elena
1434 2747 1648 2800 quondam

118 2827 224 2852 uxor
244 2813 468 2855 Benedicti
491 2815 544 2855 de
568 2814 731 2869 Burgh,
755 2816 940 2855 salutem
960 2815 1007 2853 in
1022 2814 1221 2853 Domino.
1284 2812 1500 2851 Nox-eritis
1522 2825 1591 2851 me
1605 2812 1650 2850 in

121 2876 342 2916 viduetate
384 2891 477 2917 mea
519 2880 748 2929 remisisse,
782 2879 1006 2927 relaxasse,
1041 2882 1083 2916 et
1120 2876 1296 2915 omnino
1329 2876 1651 2927 imperpetuum

855 2961 874 2979 o
898 2951 916 2980 2

1754 124 1846 171 195

1671 1285 1778 1314 Power
1794 1289 1825 1312 to

1671 1323 1812 1353 distrain.

1680 2301 1863 2331 witnesses.

1679 2423 1770 2459 April
1788 2425 1814 2453 4.

1680 2471 1747 2491 An.
1765 2463 1850 2491 1307.

1684 2757 1785 2788 El'en,

1684 2796 1751 2824 wid
1767 2806 1794 2824 w
1811 2796 1846 2825 of

1686 2835 1837 2864 Benedici:

1685 2875 1721 2903 <le
1743 2874 1861 2911 Burgh,
