1935 3151
75 176 169 225 228

76 510 273 548 Inquisition

73 550 145 578 held
163 550 265 578 before

73 593 138 617 two
153 590 186 617 of
196 589 250 617 the

73 629 171 657 above
182 628 274 657 Com-

73 668 260 703 missiouers,

73 707 158 743 Sept.
174 708 200 744 5,

76 747 163 776 1342.

70 1016 137 1046 The
147 1016 224 1054 jury
238 1027 246 1052 3

68 1057 143 1095 only
162 1056 271 1086 eleven

65 1104 186 1125 names.

67 1274 158 1312 They
168 1282 267 1303 swear

66 1315 138 1343 that
153 1314 256 1342 Arch-

66 1354 176 1390 bishop

65 1392 226 1421 Thurstan

66 1431 204 1461 founded

68 1472 120 1499 the
130 1469 265 1507 hospital

64 1511 112 1539 for
127 1510 247 1537 socular

67 1550 211 1578 brothers

66 1589 128 1617 and
143 1588 252 1616 sisters

66 1629 128 1657 and
142 1636 199 1656 one

67 1667 225 1704 chaplain.

66 1706 133 1735 The
150 1707 218 1734 hos-

66 1746 145 1784 pital
161 1745 186 1773 is
201 1746 232 1773 to

65 1786 187 1814 receive

64 1824 153 1853 blind

67 1864 191 1901 priests.

66 1903 143 1932 Alsa
158 1905 190 1931 to

66 1943 147 1970 have
169 1950 188 1970 a

67 1981 162 2009 house
177 1981 225 2010 for

67 2021 174 2057 lcpcrs.

68 2059 233 2088 l’rovision

68 2099 114 2127 for
129 2100 182 2128 the

67 2138 174 2175 lepcrs.

69 2301 158 2330 will.

67 2340 194 2369 nomeu

69 2380 215 2417 pruvides

69 2420 115 2449 fur
127 2419 258 2447 another

69 2458 223 2495 chaplain.

69 2554 215 2583 Another

70 2594 170 2622 Arch-

68 2633 178 2669 bishop
192 2641 246 2661 an-

68 2672 176 2700 nullcd
193 2671 243 2700 the

67 2711 116 2738 old
133 2711 260 2738 soundn-

68 2750 145 2781 tion,
161 2750 221 2777 aud

68 2789 158 2816 mado
174 2797 240 2816 new

68 2827 248 2865 provisions.

787 184 1062 219 MEMORIALS
1097 184 1155 218 OF
1190 184 1350 219 RIPON.

306 299 502 340 monium
522 298 598 341 has
619 301 766 341 literas
787 298 881 339 fieri
901 296 1082 337 fecimus
1103 299 1315 350 pat-entes.
1375 296 1505 337 Teste
1518 308 1587 337 me
1608 295 1700 350 ipso
1721 296 1838 351 apud

307 363 479 404 Turrim
520 364 726 414 London'‚
767 378 821 403 xx
853 362 922 402 die
955 361 1159 414 Augusti,
1195 374 1307 400 anno
1342 361 1464 415 regni
1496 361 1632 400 nostri
1670 361 1838 416 Angliae

308 429 608 479 sextodecimo,
630 429 752 483 regni
775 441 875 467 vero
895 425 1032 465 nostri
1054 425 1247 465 Franciae
1267 425 1414 465 tercio.

395 493 629 546 Inquisicio
660 495 784 546 capta
814 490 927 543 apud
948 489 1113 542 Rypon’
1134 503 1274 529 coram
1304 488 1468 528 Thoma
1488 489 1540 528 de
1562 488 1771 529 Fencotes
1794 493 1839 529 et

306 555 495 596 Roberto
516 558 569 597 de
591 555 876 604 Middelham,
898 556 1110 606 praetextu
1130 553 1325 592 mandati
1347 553 1552 605 praedicti,
1576 553 1770 605 sequitur
1789 553 1836 592 in

306 618 395 660 haec
429 621 567 661 verba.
629 621 849 660 Praetextu
881 617 1013 671 hujus
1056 617 1265 666 mandati,
1297 617 1525 670 inquisicio
1568 621 1691 670 capta
1722 617 1836 670 apud

306 684 459 737 Ripon'
482 685 551 725 die
573 684 779 724 Mercurii
800 696 917 736 prOX.
940 684 1040 721 ante
1061 680 1224 721 festum
1246 681 1287 720 N
1289 681 1501 720 ativitatis
1523 681 1667 721 Beatae
1689 681 1836 721 Mariae

305 748 512 801 Virginis,
533 762 644 788 anno
674 747 799 801 regni
830 746 962 799 Regis
994 745 1188 785 Edwardi
1218 745 1342 784 tercii
1374 758 1398 784 a
1428 748 1678 797 conquaestu
1699 749 1837 785 sexto-

304 812 484 862 decimo,
513 826 655 852 coram
692 810 856 851 Thoma
889 810 942 849 de
978 809 1188 849 Fencotes
1221 812 1266 848 et
1296 808 1483 849 Roberto
1514 808 1566 848 de
1596 808 1837 849 Midelham

305 890 432 929 super
452 876 707 916 fundacione
728 874 954 928 hospitalis
977 873 1121 913 Beatae
1142 873 1291 912 Mariae
1312 872 1581 926 Magdalenae
1602 872 1770 926 Ripon’,
1792 876 1838 913 et

304 940 549 980 elemosinis
573 944 617 980 et
637 940 807 980 Divinis
838 938 1027 978 serviciis
1048 937 1210 977 ibidem
1230 936 1437 977 faciendis
1460 940 1504 976 et
1527 937 1837 987 sustentandis,

306 1007 351 1044 et
380 1004 487 1054 aliis
505 1005 552 1044 in
584 1005 669 1044 isto
699 1003 902 1043 mandato
930 1001 1160 1051 contentis,
1182 1014 1258 1054 per
1291 1003 1606 1040 sacramentum
1628 1000 1837 1040 willelmi

304 1068 358 1108 de
379 1068 590 1119 Aldefeld,
612 1068 770 1122 Rogeri
792 1067 844 1107 de
868 1064 1128 1114 Clotherom,
1151 1064 1179 1104 J
1181 1063 1361 1104 ohannis
1394 1065 1445 1119 de
1480 1063 1710 1114 Shirwode,
1733 1064 1837 1104 Ber-

302 1133 426 1173 nardi
447 1133 577 1183 Gille,
598 1132 805 1172 willelmi
825 1131 866 1171 le
895 1130 1119 1180 Littester,
1141 1129 1169 1170 J
1172 1128 1352 1169 ohannis
1383 1129 1423 1169 le
1443 1128 1631 1180 VValker,
1663 1128 1835 1169 Ricardi

302 1196 355 1237 de
392 1197 617 1250 Aiscanby,
660 1195 870 1236 Willelmi
913 1195 965 1234 de
993 1192 1264 1244 Munketon’,
1296 1192 1503 1233 willelmi
1539 1193 1592 1233 de
1634 1192 1835 1244 Marton',

301 1260 472 1301 Ricardi
496 1261 708 1311 Colstane,
730 1263 776 1299 et
797 1258 976 1299 Roberti
1008 1256 1221 1308 Colstane,
1253 1257 1328 1311 qui
1360 1257 1511 1297 dicunt
1543 1270 1669 1310 super
1700 1271 1836 1297 sacra-

299 1329 499 1365 mentum
541 1339 666 1365 suum
698 1324 811 1377 quod
842 1323 1017 1376 quidam
1048 1320 1317 1361 Thurstanus
1348 1321 1564 1375 quondam
1594 1319 1837 1374 Archiepis-

299 1402 427 1442 copus
448 1389 574 1428 Ebor.
605 1388 805 1427 fundavit
826 1386 1036 1439 hospitale
1058 1385 1327 1438 praedictum,
1349 1389 1394 1425 et
1415 1385 1577 1425 ibidem
1607 1385 1836 1424 constituit

297 1453 436 1506 primo
477 1452 628 1493 fratres
671 1455 716 1492 et
757 1464 917 1491 sorores
961 1449 1194 1499 saeculareS,
1237 1452 1281 1488 et
1321 1449 1434 1502 quod
1474 1449 1539 1488 illi
1586 1449 1739 1489 fratres
1791 1451 1836 1489 et

298 1530 457 1557 sorores
497 1516 708 1556 haberent
749 1528 887 1554 unum
928 1513 1200 1567 capellanum
1241 1513 1404 1552 ibidem
1445 1513 1603 1552 Divina
1643 1513 1833 1553 celebra-

298 1582 463 1630 turum,
506 1583 551 1620 et
592 1579 706 1633 quod
747 1579 880 1618 iidem
921 1577 1074 1617 fratres
1116 1579 1161 1616 et
1204 1589 1363 1616 sorores
1403 1577 1646 1629 reciperent
1688 1590 1834 1616 omnes

298 1645 560 1697 presbiteros
583 1643 754 1698 quando
775 1643 873 1682 caeci
896 1644 1041 1681 essent
1063 1643 1108 1680 et
1123 1639 1235 1679 infra
1255 1640 1501 1680 libertatem
1524 1640 1676 1694 Ripon'
1697 1647 1835 1690 natos,

299 1711 343 1748 et
365 1722 434 1748 eos
456 1711 658 1749 tenerent
678 1707 789 1747 infra
810 1705 1021 1759 hospitale
1042 1705 1296 1758 praedictum
1318 1705 1363 1744 in
1386 1704 1568 1759 quadam
1589 1717 1767 1754 camera,
1791 1707 1836 1744 et

299 1773 479 1814 cuilibet
514 1773 592 1813 tali
626 1772 865 1826 presbitero
898 1771 1051 1810 darent
1087 1769 1132 1808 in
1169 1769 1364 1822 qualibet
1396 1769 1634 1822 septimana
1669 1771 1835 1822 septem

300 1837 495 1877 denarios
515 1851 591 1892 pro
614 1836 930 1877 sustentacione
964 1848 1052 1884 sua,
1075 1837 1119 1873 et
1140 1834 1275 1873 eciam
1306 1834 1419 1887 quod
1451 1833 1583 1873 iidem
1609 1832 1761 1873 fratres
1790 1836 1836 1872 et

302 1915 462 1941 sorores
483 1902 646 1942 ibidem
670 1914 838 1954 semper
857 1898 1067 1939 haberent
1099 1897 1315 1950 quandam
1342 1897 1518 1937 domum
1539 1910 1614 1950 pro
1637 1897 1834 1937 omnibus

300 1964 477 2018 leprosis
499 1965 609 2005 infra
630 1964 879 2018 praedictam
901 1962 1148 2002 libertatem
1169 1961 1282 2001 natis
1305 1961 1613 2010 sustentandis,
1634 1960 1836 2000 videlicet

301 2030 485 2082 quilibet
515 2030 708 2083 leprosus
739 2029 912 2081 capiens
944 2027 989 2066 in
1023 2026 1262 2078 septimana
1294 2028 1490 2079 quartam
1518 2028 1684 2078 partem
1706 2025 1835 2064 unius

302 2092 462 2134 bussell
482 2093 705 2142 frumenti,
729 2096 774 2133 et
795 2105 931 2131 unum
961 2091 1185 2130 denarium
1215 2103 1291 2143 pro
1321 2093 1442 2142 potu,
1466 2092 1510 2129 et
1537 2089 1694 2129 cotidie
1715 2091 1837 2141 pota-

301 2158 423 2210 gium
463 2157 516 2196 de
549 2157 664 2196 dicto
700 2154 918 2208 hospitali,
950 2157 996 2194 et
1028 2154 1081 2194 ad
1112 2152 1356 2206 hospitand.
1394 2155 1616 2193 extraneos
1651 2152 1836 2205 leprosos

302 2221 464 2261 ibidem
492 2221 717 2261 venientes
749 2232 825 2272 per
855 2231 987 2258 unam
1019 2220 1205 2268 noctem,
1227 2217 1486 2256 inveniendo
1517 2215 1679 2256 eisdem
1701 2215 1835 2255 focale

303 2288 347 2325 et
383 2286 567 2325 literam.
629 2285 787 2324 Postea
822 2283 997 2336 quidem
1029 2281 1273 2321 willelmus
1304 2280 1491 2321 Homell’
1519 2280 1639 2320 dedit
1674 2280 1835 2320 eisdem

303 2348 506 2388 fratribus
541 2352 586 2388 et
618 2347 832 2388 sororibus
872 2360 1009 2386 unum
1040 2345 1310 2398 mesuagium
1353 2347 1398 2384 et
1427 2357 1559 2383 unam
1596 2346 1835 2383 carucatam

303 2416 428 2452 terrae
445 2426 544 2451 cum
562 2412 842 2464 pertinenciis
863 2411 909 2450 in
931 2409 1117 2450 Ilketon’
1138 2409 1191 2448 ad
1211 2408 1521 2448 inveniendum
1541 2421 1679 2447 unum
1700 2407 1835 2447 alium

302 2475 569 2529 capellanum
595 2475 757 2514 ibidem
786 2474 943 2514 cotidie
975 2473 1130 2513 Divina
1150 2472 1466 2512 celebraturum
1488 2475 1533 2511 et
1553 2474 1834 2511 moraturum.

302 2539 359 2579 Et
394 2542 544 2592 postea
580 2539 756 2592 quidam
789 2537 1142 2590 Archiepiscopus
1177 2549 1390 2576 successor
1422 2536 1555 2588 ipsius
1588 2534 1835 2585 Thurstani,

301 2603 423 2656 cujus
445 2615 602 2642 nomen
624 2603 860 2656 ignoratur,
879 2602 924 2640 in
938 2601 1189 2640 visitacione
1208 2613 1283 2639 sua
1303 2599 1465 2639 ibidem
1478 2599 1620 2652 plures
1642 2598 1835 2638 defectus

302 2669 348 2707 in
370 2666 583 2720 praedictis
604 2665 810 2705 fratribus
832 2669 877 2704 et
899 2664 1110 2704 sororibus
1131 2664 1371 2713 inveniens,
1393 2663 1591 2716 deposuit
1611 2662 1835 2715 praedictos

301 2730 453 2770 fratres
495 2734 539 2769 et
582 2742 757 2778 sororeS,
799 2732 844 2767 et
886 2731 1049 2767 statum
1091 2727 1325 2767 eorundem
1365 2726 1617 2776 adnullavit,
1659 2729 1704 2765 et
1744 2725 1834 2765 loco

300 2794 489 2846 ipsorum
512 2793 752 2846 composuit
783 2791 1011 2845 quemdam
1043 2791 1279 2842 custodem,
1300 2791 1363 2830 ita
1391 2790 1503 2843 quod
1526 2790 1558 2829 si
1581 2789 1671 2842 ipse
1693 2789 1833 2842 capel-

300 2857 424 2896 lanus
447 2861 573 2907 esset,
595 2857 728 2896 alium
750 2855 1016 2908 capellanum
1046 2855 1125 2894 sibi
1157 2857 1395 2894 assumeret
1425 2853 1580 2893 cotidie
1604 2856 1648 2892 et
1668 2852 1828 2892 ibidem

300 2920 564 2960 celebrarent
587 2924 631 2960 et
653 2921 921 2959 morarentur
937 2919 1140 2959 continue
1160 2933 1171 2968 ;
1193 2921 1237 2958 et
1261 2918 1295 2957 si
1312 2918 1402 2971 ipse
1421 2919 1563 2957 custos
1585 2916 1827 2969 capellanus
