1935 3151
615 147 842 183 ORIGINAL
877 147 1167 181 DOCUMENTS.

128 261 326 316 repertis,
361 275 437 316 per
469 261 582 315 quod
615 275 692 315 per
725 261 1056 315 inquisicionem
1090 261 1260 313 captam
1296 271 1438 298 coram
1475 255 1663 311 praefatis

129 317 299 367 Thoma'
337 331 381 367 et
422 326 612 367 Roberto
652 329 921 380 compertum
961 325 1061 375 fuit,
1102 324 1215 378 quod
1256 327 1399 364 custos
1441 321 1663 376 hospitalis

127 391 335 444 przedicti,
379 391 414 431 si
455 391 699 444 capellanus
742 393 870 440 esset,
911 389 1026 444 quod
1067 389 1285 429 inveniret
1325 387 1489 427 ibidem
1529 387 1663 426 alium

127 455 410 509 capellanum,
442 457 504 495 ita
536 456 649 509 quod
681 468 850 508 semper
881 454 1024 494 forent
1055 454 1216 493 ibidem
1248 453 1334 493 duo
1365 451 1587 505 capellani,
1620 455 1664 492 et

127 519 241 573 quod
271 523 415 560 custos
449 533 616 572 semper
647 519 810 559 ibidem
841 518 1064 569 resideret,
1090 521 1137 557 et
1172 531 1223 557 ex
1256 529 1340 570 quo
1376 530 1452 570 per
1480 516 1664 569 inquisi—

126 584 294 623 cionem
315 584 436 624 illam
458 587 726 637 compertum
746 582 832 623 fuit
853 583 967 636 quod
987 585 1132 622 custos
1156 580 1379 635 hospitalis
1402 580 1595 635 praedicti
1616 580 1663 619 in

126 645 329 700 hospitali
364 647 569 701 praedicto
600 647 824 698 resideret,
861 650 942 687 etc.
976 651 1022 686 et
1056 647 1191 686 eciam
1227 659 1302 699 per
1334 645 1463 685 breve
1497 641 1663 684 domini

126 711 256 766 Regis
296 712 550 752 mandatum
590 710 678 751 fuit
718 711 858 751 eidem
900 711 1068 751 custodi
1104 710 1218 764 quod
1251 711 1484 749 interesset
1519 722 1662 749 coram

124 775 312 829 praefatis
343 776 512 816 Abbate
543 779 588 815 et
618 775 728 825 aliis,
759 775 988 815 auditurus
1013 775 1345 828 inquisicionem
1376 772 1510 823 illam,
1533 775 1579 813 et
1608 772 1662 812 ad

123 839 376 879 ostendend.
412 842 549 879 cartas
583 843 629 878 et
664 839 936 878 munimenta
971 838 1138 878 dictum
1173 836 1386 890 hospitale
1417 836 1660 891 tangencia.

125 902 208 950 Qui
230 903 406 955 quidem
427 903 453 943 J
457 902 645 943 ohannes
667 916 806 942 coram
838 903 1000 942 eisdem
1032 901 1198 941 Thoma
1229 906 1274 941 et
1306 901 1492 941 Roberto
1514 901 1659 940 venire

122 981 209 1007 non
231 969 409 1008 curavit.
471 968 529 1007 Et
554 981 630 1021 per
660 967 990 1020 inquisicionem
1022 967 1271 1020 praedictam
1302 968 1571 1019 compertum
1593 969 1660 1005 est

122 1031 236 1084 quod
259 1030 410 1072 Custos
433 1045 597 1085 semper
618 1032 665 1071 in
686 1030 890 1084 hospitali
920 1031 994 1070 illo
1026 1030 1247 1080 resideret,
1270 1032 1315 1069 et
1347 1029 1482 1068 eciam
1513 1028 1658 1082 plures

121 1095 316 1135 defectus
358 1096 404 1135 in
440 1094 643 1150 hospitali
678 1096 882 1149 praedicto
917 1095 1097 1136 fuerunt
1128 1095 1302 1148 reperti,
1338 1107 1444 1147 quos
1481 1094 1657 1147 quidem

122 1158 316 1200 defectus
350 1161 467 1200 idem
500 1159 719 1201 Johannes
756 1174 843 1200 11011
876 1160 1052 1211 dedicit,
1087 1162 1130 1200 et
1155 1173 1230 1213 per
1259 1158 1354 1198 illos
1389 1157 1582 1198 defectus
1610 1159 1657 1198 in

120 1223 324 1277 hospitali
365 1225 571 1278 praedicto
613 1228 804 1278 repertos
845 1223 1057 1277 hospitale
1098 1223 1207 1263 illud
1243 1222 1296 1263 de
1333 1221 1432 1276 jure
1473 1235 1656 1262 vacuum

119 1292 310 1338 tenetur,
343 1292 424 1329 etc.
456 1288 572 1329 unde
603 1289 716 1342 petit
740 1287 956 1342 judicium
987 1302 1062 1342 pro
1093 1287 1266 1328 domino
1297 1287 1432 1340 Rege,
1464 1289 1509 1326 et
1540 1285 1653 1340 quod

119 1352 347 1406 praedictus
369 1352 397 1393 J
400 1351 588 1393 ohannes
609 1353 662 1393 de
684 1351 985 1407 Bridlyngton'
1006 1365 1031 1392 a
1050 1352 1315 1406 possessione
1334 1364 1410 1391 sua
1425 1348 1652 1403 hospitalis

117 1416 312 1471 praedicti
333 1420 594 1468 amoveatur,
619 1420 700 1457 etc.

205 1481 263 1520 Et
284 1481 309 1521 J
315 1479 503 1521 ohannes
524 1481 578 1521 de
600 1480 899 1534 Bridlyngton’
920 1479 1027 1521 dicit
1047 1480 1162 1534 quod
1183 1480 1273 1533 ipse
1289 1479 1453 1520 virtute
1470 1477 1652 1532 inquisi—

115 1544 248 1584 cionis
289 1545 503 1598 praedictae
533 1545 587 1585 ab
617 1544 820 1598 hospitali
853 1558 928 1584 suo
957 1545 1176 1598 praedicto,
1207 1544 1260 1584 ad
1282 1557 1410 1597 quam
1441 1543 1532 1596 ipse
1564 1556 1651 1583 non

116 1607 202 1647 fuit
234 1609 517 1661 praemunitus
553 1609 607 1648 ad
640 1607 1002 1659 interessendum,
1038 1608 1224 1648 amoveri
1257 1620 1343 1647 non
1371 1606 1514 1657 debet,
1551 1607 1651 1659 quia

116 1671 222 1711 dicit
244 1673 358 1725 quod
379 1686 602 1726 nunquam
623 1672 795 1726 aliquod
816 1672 944 1712 breve
967 1672 1009 1712 ei
1040 1672 1142 1711 inde
1163 1672 1285 1711 venit
1316 1671 1370 1710 ad
1390 1672 1651 1711 interessen-

116 1736 235 1787 dum,
257 1742 340 1777 etc.
373 1738 430 1777 Et
451 1737 588 1791 quoad
610 1736 688 1777 hoc
706 1737 820 1790 quod
837 1751 913 1790 per
926 1737 1268 1790 inquisicionem,
1283 1740 1364 1776 etc.
1383 1740 1651 1789 compertum

115 1804 183 1840 est
213 1801 326 1854 quod
349 1799 501 1841 Custos
532 1801 650 1841 illius
680 1799 904 1854 hospitalis
937 1800 1068 1840 debet
1098 1814 1189 1840 esse
1220 1800 1427 1850 residens,
1456 1804 1501 1839 et
1532 1799 1649 1839 idem

114 1864 142 1905 J
145 1863 332 1905 ohannes
354 1868 547 1918 tempore
569 1866 830 1905 visitacionis
851 1878 937 1904 non
959 1864 1044 1904 fuit
1064 1865 1270 1915 residens,
1293 1868 1390 1914 etc.,
1408 1864 1513 1903 dicit
1534 1864 1648 1916 quod

115 1927 321 1968 Custodes
343 1933 440 1982 post
461 1932 634 1983 tempus
665 1929 882 1968 memoriae
913 1942 999 1968 non
1025 1928 1205 1968 fuerunt
1228 1928 1466 1968 residentes
1488 1928 1572 1967 nisi
1593 1928 1646 1968 ad

113 1992 385 2032 voluntatem
407 2006 542 2033 suam.
587 1992 644 2032 Et
665 1992 804 2046 quoad
826 1991 905 2031 hoc
927 1992 1040 2045 quod
1055 1996 1325 2045 compertum
1348 1996 1413 2031 est
1436 1994 1516 2030 etc.
1531 1992 1645 2044 quod

112 2055 148 2095 si
171 2055 322 2096 Custos
355 2070 442 2097 non
475 2058 532 2097 sit
564 2057 823 2110 capellanUS,
845 2056 977 2096 debet
1014 2069 1180 2109 semper
1213 2055 1275 2096 ibi
1307 2056 1502 2095 invenire
1537 2056 1644 2096 duos

111 2120 368 2173 capellanos,
409 2121 517 2160 dicit
556 2120 670 2174 quod
710 2134 789 2160 nec
830 2120 922 2173 ipse
963 2133 1043 2160 nec
1083 2120 1238 2174 aliquis
1284 2120 1644 2173 praedecessorum

113 2197 288 2224 suorum
309 2198 502 2238 unquam
523 2184 577 2225 de
598 2184 675 2224 tali
696 2198 824 2225 onere
845 2184 1024 2224 fuerunt
1044 2185 1209 2224 onerati
1231 2185 1398 2224 racione
1419 2182 1643 2237 hospitalis

111 2249 319 2300 praedicti,
340 2250 424 2289 nisi
447 2250 715 2290 solummodo
736 2249 789 2289 de
820 2263 906 2289 uno
939 2249 1158 2302 capellano
1189 2250 1264 2302 qui
1285 2249 1446 2289 ibidem
1466 2248 1641 2300 residet,

109 2317 238 2365 prout
273 2327 348 2366 per
381 2314 712 2368 inquisicionem
745 2317 828 2353 010.
864 2317 1134 2366 compertum
1169 2317 1248 2353 est.
1309 2314 1367 2352 Et
1391 2313 1529 2366 quoad
1561 2311 1640 2353 hoc

110 2377 222 2430 quod
243 2382 511 2431 compertum
532 2381 600 2418 est
620 2378 734 2431 quod
757 2377 907 2418 Custos
921 2377 1051 2417 debet
1068 2378 1278 2417 sustinere
1292 2391 1439 2417 omnes
1453 2377 1639 2430 leprosos

108 2444 230 2480 natos
251 2441 362 2481 infra
383 2441 631 2482 libertatem
653 2441 820 2495 Ripon',
842 2441 1060 2494 capientes
1091 2454 1167 2495 per
1199 2442 1483 2495 septimanam
1515 2454 1640 2494 quar-

108 2508 197 2545 tam
230 2510 398 2559 partem
434 2507 563 2546 unius
596 2506 772 2546 busselli
808 2505 1032 2556 frumenti,
1063 2509 1108 2546 et
1149 2507 1262 2560 quod
1295 2507 1387 2559 ipse
1429 2506 1640 2558 reciperet

107 2582 255 2609 omnes
288 2570 391 2610 alios
426 2571 612 2623 leprosos
647 2573 869 2609 extraneos
902 2570 948 2609 in
983 2583 1069 2610 una
1105 2570 1245 2620 domo,
1279 2574 1375 2620 etc.,
1397 2570 1505 2609 dicit
1526 2569 1639 2622 quod

107 2634 246 2685 quoad
279 2634 644 2673 sustentacionem
675 2633 936 2686 leprosorum
968 2634 1081 2674 infra
1111 2634 1359 2674 libertatem
1390 2634 1639 2686 praedictam

108 2698 321 2746 natorum,
364 2697 477 2750 quod
517 2710 765 2750 nuncquam
805 2697 892 2737 fuit
931 2697 1085 2751 aliquis
1127 2698 1318 2751 leprosus
1359 2701 1486 2737 natus
1527 2697 1639 2737 infra

108 2760 289 2800 eandem
309 2760 556 2801 libertatem
577 2761 652 2814 qui
674 2760 836 2801 ibidem
857 2762 978 2801 venit
1000 2775 1074 2815 pro
1097 2761 1415 2802 sustentacione
1436 2760 1639 2814 praedicta

107 2823 379 2877 percipienda
410 2828 636 2878 postquam
667 2825 758 2878 ipse
780 2824 932 2866 Custos
956 2824 1180 2879 hospitalis
1201 2825 1396 2879 praedicti
1419 2826 1637 2874 extiterat,

109 2892 149 2927 et
175 2888 311 2940 quoad
333 2887 609 2941 hospitandos
631 2889 815 2942 leprosos
838 2892 1057 2930 extraneos
1080 2893 1160 2930 etc.
1184 2889 1286 2929 dicit
1311 2889 1424 2942 quod
1446 2903 1524 2929 1100
1545 2889 1635 2942 ipse

1802 131 1896 179 231

1700 266 1797 298 cante,
1812 262 1859 293 for

1699 306 1755 331 not
1769 301 1863 332 fulin-

1699 341 1768 377 ling
1782 342 1835 370 the

1699 380 1876 410 conditinns

1699 419 1733 447 of
1750 420 1803 448 the
1819 429 1900 450 mas-

1700 459 1774 489 ter's
1789 460 1884 490 office.

1687 1485 1770 1515 John
1787 1488 1825 1517 de

1689 1525 1851 1565 Bridling-

1686 1568 1741 1594 ton
1756 1575 1830 1603 says

1686 1605 1724 1633 he
1740 1605 1800 1634 had
1817 1615 1857 1635 no

1685 1645 1789 1673 notice
1805 1649 1835 1674 to
1848 1646 1884 1675 bc

1685 1689 1809 1721 present
1824 1688 1859 1714 at

1685 1723 1739 1751 the
1755 1723 1858 1759 king's

1684 1761 1880 1800 inquisition,

1683 1803 1745 1830 and
1755 1803 1882 1832 defends

1683 1840 1813 1870 himself

1683 1880 1808 1914 against

1681 1920 1814 1956 charges
1828 1921 1864 1950 of

1680 1959 1848 1988 11111111ιί11ιί-

1679 1998 1859 2029 nistration.
