1955 3068
639 168 864 202 ORIGINAL
899 168 1186 202 DOCUMEN'I'S.

148 282 192 321 in
213 294 354 334 yeme,
376 285 464 321 tres
487 281 642 321 solidos
664 286 707 322 et
729 286 912 336 quatuor
933 282 1145 332 denarios,
1167 282 1300 335 aequis
1329 279 1613 335 porcionibus,
1636 283 1681 319 et

147 345 182 384 si
205 346 425 400 contingat
450 346 614 385 dictum
638 346 854 386 redditum
876 347 1009 385 trium
1033 345 1264 386 solidorum
1288 350 1332 386 et
1353 349 1536 398 quatuor
1550 344 1680 383 ‹lena-

146 409 307 448 riorum
330 423 354 449 a
375 414 489 449 retro
512 409 599 449 fore
622 410 666 449 in
688 415 809 464 parte
833 410 900 449 vel
932 410 978 449 in
1000 413 1092 449 toto
1116 414 1211 463 post
1232 410 1419 450 alterum
1441 409 1678 448 terminum

146 473 430 512 terminorum
452 474 751 526 praedictorum
783 488 867 527 quo
899 473 1004 514 solvi
1036 473 1192 514 debeat
1222 487 1308 513 non
1341 473 1544 521 solutum,
1566 471 1678 524 quod

145 541 251 576 tunc
273 537 382 577 bene
404 537 529 577 liceat
554 537 766 590 praefatis¹
792 538 979 578 Roberto
1002 542 1043 577 et
1068 537 1379 577 successoribus
1402 537 1490 576 suis
1512 536 1585 589 qui
1603 544 1678 588 pro

147 604 339 654 ternpore
380 600 558 651 fuerint,
591 602 752 642 intrare
794 607 836 641 et
879 601 1137 655 distringere
1170 605 1215 641 et
1245 601 1537 641 districciones
1578 599 1678 639 inde

146 664 371 715 abducere,
393 664 557 718 fugare,
581 670 620 704 et
647 679 777 718 penes
804 679 848 705 se
870 665 1071 714 retinere,
1094 679 1315 718 quousque
1345 664 1425 704 sibi
1448 668 1489 704 et
1515 677 1679 702 succes-

148 728 312 768 soribus
336 729 422 768 suis
445 729 497 768 de
519 729 722 781 praedicto
747 729 920 769 redditu
952 742 1049 767 cum
1081 729 1302 783 arreragiis
1335 729 1368 768 si
1400 742 1494 781 quae
1516 727 1679 767 fuerint

145 792 333 845 plenarie
356 792 487 831 fuerit
519 792 785 832 satisfactum
808 798 852 832 et
883 792 1165 845 persolutum.
1226 792 1442 832 Noveritis
1473 805 1542 830 me
1574 805 1680 844 prae-

146 855 284 895 fatum
307 855 551 896 Johannem
584 857 799 896 Herreson
832 857 1104 905 concessisse,
1128 861 1169 896 et
1204 857 1403 909 praesenti
1436 861 1552 896 carta
1584 869 1679 894 mea

145 919 414 959 confirmasse
438 919 613 972 praefato
636 920 822 960 Roberto
845 924 889 959 et¹
912 920 1224 959 successoribus
1256 921 1342 959 suis
1365 920 1544 969 vicariis,
1567 919 1680 972 quod

147 983 180 1022 si
213 983 354 1023 dictus
375 983 572 1022 annualis
604 984 799 1023 redditus
831 984 965 1022 trium
999 983 1229 1023 solidorum
1262 988 1303 1023 et
1338 988 1520 1037 quatuor
1551 984 1682 1022 dena-

144 1047 305 1086 riorum
322 1061 346 1086 a
361 1051 475 1087 retro
496 1047 625 1087 fuerit
649 1049 693 1087 in
712 1051 831 1100 parte
848 1047 916 1086 vel
939 1048 982 1086 in
1005 1052 1096 1087 toto
1118 1052 1213 1100 post
1234 1048 1421 1101 aliquem
1443 1048 1680 1087 terminum

145 1125 230 1163 quo
253 1111 357 1151 solvi
379 1111 535 1151 debeat
555 1125 642 1152 non
669 1112 872 1160 solutum,
896 1111 1095 1151 videlicet
1125 1112 1178 1151 ad
1200 1111 1309 1151 festa
1334 1112 1603 1152 Penticostes
1635 1116 1680 1151 et

148 1175 292 1215 Sancti
325 1176 520 1226 Martini,
551 1177 683 1229 aequis
724 1176 1009 1229 porcionibus,
1046 1176 1159 1229 quod
1202 1180 1360 1215 extunc
1401 1176 1510 1215 bene
1552 1175 1680 1215 liceat

146 1238 324 1292 praefato
365 1239 552 1279 Roberto
593 1239 854 1293 procuratori
898 1243 941 1279 et
984 1240 1295 1279 successoribus
1338 1241 1426 1279 suis
1478 1240 1552 1292 qui
1604 1253 1679 1292 pro

145 1306 339 1355 tempore
375 1303 540 1343 fuerint
579 1304 624 1343 in
662 1304 882 1357 mesuagio
919 1317 1014 1343 meo
1045 1303 1216 1356 jacente
1250 1303 1377 1356 juxta
1408 1304 1680 1357 mesuagium

147 1367 454 1420 supradictum,
496 1382 544 1408 ac
579 1369 624 1407 in
659 1368 858 1407 omnibus
889 1368 1137 1421 mesuagiis,
1169 1368 1308 1417 terris,
1342 1371 1387 1407 et
1417 1367 1680 1407 tenementis

145 1431 254 1470 meis
275 1431 321 1470 in
342 1431 456 1471 villis
477 1433 531 1471 de
553 1431 798 1484 Melmyrby
821 1435 865 1471 et
883 1431 1119 1485 Howgrave
1135 1431 1261 1484 juxta
1277 1431 1435 1472 Sutton
1453 1435 1495 1470 et
1512 1431 1681 1484 Rayne-

145 1495 253 1545 ton‚²
273 1508 322 1535 ac
353 1496 398 1549 in
427 1495 621 1549 qualibet
652 1495 835 1548 parcella
867 1495 1116 1545 eorundem,
1138 1496 1298 1535 intrare
1331 1499 1376 1535 et
1406 1495 1679 1549 distringere,

145 1561 190 1598 et
221 1559 514 1600 districciones
545 1559 646 1599 inde
677 1559 904 1609 abducere,
945 1558 1096 1613 fugare
1140 1563 1184 1599 et
1219 1573 1350 1612 penes
1392 1573 1435 1599 se
1476 1559 1679 1608 retinere,

145 1635 367 1676 quousque
399 1624 479 1664 sibi
512 1627 556 1663 et
588 1623 898 1663 successoribus
940 1623 1027 1662 suis
1059 1623 1110 1663 de
1142 1623 1345 1676 praedicto
1376 1622 1550 1662 redditu
1581 1636 1679 1661 cum

144 1687 383 1740 arreragiis,
407 1688 441 1726 si
472 1700 567 1739 quae
598 1687 774 1737 fuerint,
806 1686 996 1739 plenarie
1027 1685 1161 1726 fuerit
1183 1686 1450 1726 satisfactum
1473 1690 1517 1726 et
1537 1700 1681 1740 perso-

146 1749 303 1789 lutum.
365 1751 417 1790 In
438 1751 561 1803 cujus
592 1751 654 1790 rei
685 1751 983 1790 testimonium
1015 1749 1115 1790 huic
1145 1751 1346 1803 praesenti
1378 1754 1505 1790 cartae
1537 1755 1679 1803 partes

147 1813 359 1866 praedictae
392 1814 533 1868 sigilla
569 1828 644 1854 sua
684 1814 931 1854 alternatim
971 1818 1276 1867 apposuerunt.
1338 1815 1436 1854 Hiis
1477 1815 1679 1864 testibus,

146 1876 366 1917 willelmo
380 1877 643 1931 WVrampain,
660 1877 687 1918 J
690 1876 855 1917 ohanne
873 1877 1086 1931 Dogeson,
1101 1878 1128 1918 J
1131 1877 1300 1918 ohanne
1314 1878 1478 1929 Rande,
1497 1879 1679 1918 Ricardo

147 1939 387 1993 Frankysh,
403 1938 437 1981 'J
440 1940 606 1980 ohanne
628 1941 784 1994 Pyper,
808 1945 850 1980 et
873 1941 983 1980 aliis.

234 2003 333 2043 Dat.
366 2018 478 2043 nono
509 2005 579 2044 die
611 2004 771 2044 mensis
805 2004 1074 2054 Novembris,
1106 2005 1230 2044 Anno
1264 2006 1387 2059 regni
1421 2007 1534 2060 regis
1557 2007 1678 2046 Hen-

144 2067 219 2107 rici
244 2068 353 2107 sexti
375 2071 473 2121 post
493 2072 790 2120 conquaestum
813 2068 980 2122 Angliae
1002 2069 1223 2109 tricesimo
1244 2074 1407 2110 octavo.

699 2138 1116 2214 (OOUNTERPA’RT.)

237 2224 461 2275 Omnibus,
485 2229 565 2265 etc.

237 2351 391 2392 Obitus
423 2351 596 2394 Thomae
627 2352 856 2407 Pakhardy
882 2358 926 2394 et
957 2354 1139 2408 Agnetis
1171 2355 1313 2394 uxoris
1345 2353 1469 2407 ejus³
1500 2353 1575 2394 fiat
1606 2355 1676 2395 die

149 2412 324 2455 Sabbati
346 2429 462 2468 prox.
484 2420 584 2457 ante
607 2418 913 2457 Ascencionem
935 2417 1124 2467 Domini,
1146 2431 1221 2470 pro
1237 2431 1321 2470 quo
1338 2418 1583 2471 percipiunt
1605 2432 1677 2458 sex

147 2478 293 2518 vicarii
314 2481 540 2520 annuatim
562 2481 614 2521 de
637 2481 762 2521 domo
784 2482 828 2521 in
862 2479 898 2521 le
929 2478 1212 2531 Fleslzamels,
1234 2482 1451 2534 quondam
1483 2482 1676 2535 ejusdem

146 2540 334 2593 Thomae,
366 2543 431 2597 iijs
461 2543 562 2598 iiijd,
584 2546 716 2597 aequis
747 2545 1031 2598 porcionibus,
1060 2545 1113 2585 ad
1134 2545 1246 2585 festa
1277 2546 1457 2585 Martini
1490 2551 1534 2585 et
1565 2546 1678 2586 Pen-

144 2610 341 2657 tecostes,
363 2612 413 2647 ut
434 2612 553 2661 patet
577 2622 652 2662 per
673 2613 832 2648 cartam
853 2609 954 2648 inde
976 2608 1229 2649 confectam.

218 2702 274 2746 (1)
300 2702 506 2747 ‘Praefato,’
532 2704 660 2738 second
677 2715 779 2750 copy.

219 2754 275 2797 (2)
303 2755 368 2788 All
400 2756 500 2789 these
533 2756 648 2801 places
682 2768 741 2790 are
775 2756 810 2790 in
843 2756 903 2790 the
936 2757 1146 2803 wapentake
1180 2757 1221 2791 of
1242 2757 1438 2799 Hallikeld,
1468 2757 1567 2802 lying
1594 2770 1679 2792 near

147 2805 321 2849 together,
340 2807 408 2841 and
426 2812 489 2842 not
506 2807 559 2842 far
577 2808 667 2842 from
685 2808 814 2854 Ripon.

219 2859 278 2902 (3)
304 2859 484 2907 Probably
501 2861 562 2896 the
579 2866 723 2908 parents
740 2862 780 2896 of
800 2862 862 2896 the
879 2863 968 2897 Tho.
989 2862 1196 2908 Pakhardy,
1215 2862 1296 2897 who
1325 2862 1445 2898 makes
1464 2863 1522 2897 the
1541 2864 1679 2899 follow—

146 2910 206 2955 ing
222 2916 337 2955 grant.

1821 155 1914 204 133

1716 285 1761 316 To
1777 293 1838 325 pay
1854 298 1873 316 a

1717 331 1785 355 rent
1801 328 1836 355 of

1715 367 1758 393 3⁸.
1773 367 1821 394 411.
1838 370 1869 394 to

1716 406 1769 433 the
1786 406 1898 434 vit-ars.

1715 474 1817 504 Claim
1833 475 1866 503 of

1715 523 1819 549 power
1835 519 1866 542 to

1714 553 1857 582 distrain.

1715 857 1815 885 Grant
1831 857 1865 885 of

1715 906 1819 932 power
1834 901 1866 924 to

1716 935 1859 964 ‹iistraim

1716 1625 1755 1653 fo.
1771 1626 1825 1654 103
1842 1626 1869 1661 b,
1890 1636 1915 1655 υ.

1716 1820 1900 1849 witnesses.

1754 2004 1824 2033 Oct.
1840 2005 1866 2035 9.

1714 2050 1783 2072 ΛΑ).
1800 2044 1888 2072 1459.

1713 2360 1753 2389 fo.
1771 2361 1826 2389 103
1839 2369 1864 2389 c.

1713 2398 1788 2428 Obit
1804 2400 1839 2428 of
1857 2399 1892 2428 Τ.

1714 2438 1897 2476 Ρῑιὶὼητᾶγ,

1715 2482 1746 2506 to
1762 2478 1797 2506 be
1813 2478 1888 2515 kept

1712 2526 1753 2545 on
1770 2515 1878 2545 Satur-

1713 2556 1777 2593 day
1792 2555 1898 2585 before

1713 2595 1897 2624 Ascension.
