1935 3151
605 161 830 195 ORIGINAL
866 159 1153 194 DOCUMENTS.

116 286 226 314 suos.
280 274 331 313 In
364 287 546 326 quorum
578 274 772 313 omnium
803 272 1103 313 testimonium
1131 272 1237 312 dicti
1263 271 1477 326 juratores
1510 271 1649 325 sigilla

116 352 192 377 sua
213 338 497 390 przeseutibus
520 341 826 390 apposuerunt.
879 337 979 376 Dat,
1001 336 1169 390 Ripon',
1192 337 1261 376 die
1283 341 1328 376 et
1350 349 1462 375 anno
1483 334 1648 374 domini

114 402 250 441 nostri
274 401 406 455 Regis
429 401 621 454 praedicti
644 415 772 454 supra
793 401 932 441 dictiS.

203 465 256 504 In
280 466 528 505 visitacione
550 466 686 504 eciam
709 465 910 518 przedicta
931 465 1192 517 comperitur
1214 465 1286 504 sic.

204 529 411 567 Visitacio
433 529 544 568 facta
575 542 650 581 per
680 529 816 568 dictos
838 528 1064 577 Abbatem,
1086 527 1344 578 Jolizinnem,
1367 527 1648 580 Franconem,

115 594 160 631 et
187 590 409 641 Thomam,
431 592 476 631 in
502 592 617 631 dicto
643 591 859 644 hospitali,
886 591 955 630 die
988 595 1032 630 et
1057 605 1169 630 anno
1197 591 1428 644 praedictis.
1490 590 1649 629 Vocato

115 656 233 695 dicto
262 655 448 695 Roberto
484 656 691 709 magistro
725 660 767 695 et
804 655 950 708 jurato
983 655 1125 695 dicere
1162 656 1389 695 veritatem
1423 667 1551 707 super
1585 667 1651 692 re-

115 720 336 772 quirendis
386 720 440 759 ab
492 720 656 770 eodem,
698 724 742 760 et
782 720 1012 773 diligenter
1053 721 1286 772 requisitus
1329 732 1455 772 super
1495 717 1650 770 quibus

117 783 363 823 elemosinis
405 787 449 823 et
486 784 685 837 operibus
727 785 919 823 caritatis
965 783 1132 823 dictum
1174 782 1389 836 hospitale
1430 782 1651 832 fundatur,

116 847 222 887 dicit
255 848 368 900 quod
390 848 571 901 ignorat.
617 847 715 887 Non
749 852 851 887 sunt
880 847 941 886 ibi
972 846 1126 886 fratres
1164 860 1302 899 neque
1337 860 1512 896 sorores,
1539 845 1650 884 etin

115 912 315 950 omnibus
343 912 507 950 caeteris
532 911 726 950 articulis
755 912 800 950 in
832 911 1116 963 inquisicione
1146 911 1347 963 praedicta
1385 909 1652 962 specificatis,

115 975 340 1014 concordat
373 989 471 1014 cum
505 975 721 1028 przedicffis
754 974 926 1028 juratis,
988 975 1103 1014 Item
1141 975 1248 1014 dicit
1284 974 1396 1027 quod
1429 974 1651 1025 antiquam

116 1038 418 1078 fundacionem
442 1052 517 1078 seu
538 1039 726 1091 aliquam
749 1039 855 1077 dicti
878 1037 1100 1091 hospitalis
1130 1051 1376 1090 nuncquam
1398 1035 1550 1076 habuit
1571 1050 1651 1075 nec

116 1101 247 1142 habet
268 1103 312 1141 in
335 1103 552 1155 praesenti,
576 1108 641 1142 set
662 1103 828 1142 dictum
850 1101 1063 1155 hospitale
1085 1101 1238 1141 habuit
1261 1115 1310 1141 ex
1332 1101 1442 1140 dono
1464 1104 1508 1140 et
1525 1100 1652 1139 colla-

116 1167 237 1206 cione
251 1167 416 1205 domini
430 1166 636 1206 willelmi
650 1166 702 1206 de
717 1165 912 1216 Melton’,
928 1179 1065 1219 nuper
1085 1164 1406 1218 Archiepiscopi
1427 1164 1552 1203 Ebor.
1575 1164 1651 1203 de-

115 1230 269 1270 functi.

206 1294 344 1342 Quem
380 1294 554 1347 quidem
588 1298 783 1335 tenorem
814 1294 978 1334 recordi
1012 1296 1057 1334 et
1084 1306 1304 1347 processus
1335 1292 1650 1346 praedictorum,

115 1358 315 1398 dominus
337 1358 429 1397 Rex
450 1358 671 1398 mandavit
693 1358 719 1398 J
724 1359 955 1398 usticiariis
980 1358 1067 1397 suis
1084 1356 1168 1407 hic,
1186 1357 1263 1397 sub
1291 1357 1399 1410 pede
1418 1355 1548 1409 sigilli
1568 1355 1650 1405 sui,

115 1435 192 1475 per
213 1421 340 1461 breve
364 1435 504 1472 suum,
525 1423 571 1461 in
593 1421 683 1462 haec
704 1422 846 1462 verba.

204 1485 451 1536 Edwardus,
480 1486 561 1525 Dei
589 1487 729 1539 gracia
756 1486 848 1526 Rex
871 1485 1038 1539 Angliae
1073 1488 1118 1525 et
1150 1485 1341 1525 Franciae
1374 1487 1419 1523 et
1449 1483 1649 1523 dominus

116 1549 351 1600 Hiberniae,
373 1550 541 1590 dilectis
563 1558 607 1590 et
627 1550 827 1590 fidelibus
851 1550 938 1590 suis
960 1549 1177 1589 Willelmo
1203 1549 1304 1589 Scot
1335 1552 1380 1588 et
1409 1549 1532 1588 sociis
1563 1547 1650 1587 suis

117 1614 145 1655 J
149 1615 377 1654 usticiariis
397 1615 450 1654 ad
472 1615 631 1668 placita
652 1628 792 1655 coram
819 1614 941 1654 nobis
970 1614 1157 1653 tenenda
1185 1613 1428 1666 assignatis,
1452 1612 1648 1652 salutem.

117 1678 329 1718 Tenorem
369 1679 533 1718 recordi
574 1682 620 1718 et
655 1692 875 1732 processus
919 1678 1183 1717 visitacionis
1226 1675 1450 1729 hospitalis
1503 1675 1650 1716 Sancti

118 1740 327 1782 Johannis
358 1741 410 1781 de
441 1742 593 1794 Ripon'
614 1755 689 1795 per
721 1742 899 1782 dilectos
931 1744 976 1781 et
1006 1740 1154 1780 fideles
1175 1744 1341 1780 nostros
1363 1740 1576 1780 Abbatem
1597 1739 1650 1778 de

117 1806 344 1857 Fontibus,
373 1806 400 1846 J
403 1805 616 1846 ohannem
641 1807 694 1847 de
715 1805 975 1855 Wodehous‚
998 1806 1266 1845 Franconem
1295 1805 1347 1844 de
1374 1804 1585 1857 Barneby,
1608 1808 1650 1843 et

117 1868 326 1910 Thomam
346 1871 399 1910 de
423 1870 588 1920 Salcok,
610 1884 716 1924 quos
737 1870 789 1910 ad
810 1868 1021 1923 hospitale
1037 1869 1291 1922 praedictum
1308 1868 1584 1917 visitandum,
1607 1870 1653 1907 et

118 1934 321 1987 quicquid
343 1934 395 1974 ad
417 1934 712 1974 visitacionem
740 1934 861 1973 illam
889 1934 1102 1986 pertinuit
1123 1933 1384 1981 faciendum,
1406 1945 1480 1984 per
1501 1931 1651 1971 literas

117 2001 283 2038 nostras
305 2001 502 2051 patentes
531 1998 858 2052 assignavimus,
880 1996 1003 2037 factae
1025 2001 1069 2036 et
1091 2010 1231 2036 coram
1260 1996 1383 2035 nobis
1409 1996 1454 2034 in
1477 1994 1652 2035 Cancel-

118 2062 223 2101 laria
238 2066 383 2101 nostra
399 2065 640 2112 retornatae,
657 2062 774 2102 vobis
797 2062 1012 2100 mittimus
1037 2061 1114 2100 sub
1137 2060 1244 2113 pede
1268 2059 1398 2113 sigilli
1420 2059 1569 2108 nostri,
1586 2062 1651 2108 ut,

117 2126 314 2178 inspecto
344 2129 493 2165 tenore
524 2126 740 2178 praedicto,
767 2125 1009 2164 consulcius
1045 2125 1090 2164 in
1124 2124 1302 2178 negocio
1334 2124 1449 2162 inter
1489 2136 1565 2162 nos
1607 2126 1651 2162 et

119 2189 356 2229 Robertum
391 2190 443 2229 de
481 2189 655 2242 Otteley
686 2189 941 2242 possessioni
971 2187 1195 2241 hospitalis
1227 2187 1421 2240 praedicti
1456 2186 1650 2225 indebite

117 2253 442 2293 incumbentem
482 2257 534 2293 ut
574 2253 749 2302 dicitur,
781 2266 921 2292 coram
952 2252 1075 2292 nobis
1109 2265 1235 2304 super
1265 2250 1484 2290 amocione
1515 2250 1650 2302 ipsius

119 2316 296 2356 Roberti
317 2317 370 2356 ab
392 2317 541 2356 eodem
563 2315 768 2370 hospitali
798 2316 1030 2369 pendente,
1052 2315 1281 2368 procedere
1303 2313 1494 2362 valeatis,
1523 2317 1651 2366 prout

119 2380 172 2420 de
203 2379 301 2433 jure
338 2384 382 2420 et
416 2381 650 2420 secundum
684 2380 825 2434 legem
867 2383 912 2419 et
953 2378 1312 2418 consuetudinem
1349 2377 1473 2431 regni
1515 2377 1650 2416 nostri

118 2442 286 2496 Angliae
316 2443 405 2483 fore
437 2444 630 2483 videritis
661 2443 922 2484 faciendum.
984 2443 1112 2481 Teste
1144 2455 1213 2481 me
1244 2442 1336 2494 ipso
1366 2441 1479 2494 apud
1508 2441 1652 2480 west-

118 2508 424 2547 monasterium
457 2522 483 2546 x
510 2508 580 2547 die
613 2507 822 2557 Octobris,
851 2520 963 2546 anno
984 2506 1108 2561 regni
1135 2506 1270 2546 nostri
1296 2505 1462 2559 Angliae
1499 2506 1651 2558 quinto

118 2569 297 2621 decimo,
319 2572 440 2625 regni
462 2585 559 2611 vero
579 2571 714 2610 nostri
736 2571 926 2610 Franciae
949 2570 1148 2610 secundo.

207 2633 371 2681 Quibus
386 2635 605 2687 inspectis,
621 2634 873 2673 examinatis
889 2633 1073 2686 plenius,
1090 2636 1134 2672 et
1150 2632 1400 2682 intellectis,
1417 2632 1517 2684 quia
1533 2631 1651 2670 curia

119 2697 311 2736 nondum
344 2699 532 2737 avisatur
563 2698 615 2737 ad
642 2697 859 2751 judicium
889 2697 991 2736 inde
1018 2696 1285 2736 reddendum
1307 2699 1403 2745 etc„
1426 2696 1552 2735 datus
1585 2699 1651 2735 est

120 2759 211 2798 dies
232 2761 422 2811 partibus
445 2761 658 2814 praedictis
680 2774 822 2800 coram
843 2761 1015 2800 domino
1043 2760 1162 2813 Rege
1194 2760 1239 2798 in
1271 2759 1456 2798 crastino
1478 2759 1651 2797 Anima-

120 2834 218 2860 rum
257 2822 516 2877 ubicumque
558 2828 640 2864 etc.
673 2827 725 2864 ut
757 2824 810 2864 de
848 2824 918 2864 die
954 2824 1000 2863 in
1041 2823 1157 2864 diem
1198 2823 1251 2862 de
1293 2821 1506 2861 audiendo
1547 2821 1649 2862 inde

114 2883 329 2937 judicium
351 2901 476 2927 suum
498 2891 579 2928 etc.

1786 148 1880 194 219

1685 538 1720 566 Β(
1727 538 1803 565 =lwrt

1685 577 1853 605 cxaniircd

1686 626 1791 649 aurcos
1808 615 1885 644 with

1686 656 1809 684 verdict
1823 656 1858 684 of

1681 696 1769 733 jury.

1687 1489 1800 1523 King’s
1811 1489 1886 1518 writ

1685 1533 1717 1557 to
1735 1529 1849 1565 King’s

1685 1567 1791 1596 Bcnch
1806 1577 1858 1596 eu-

1685 1608 1805 1642 closing

1685 1647 1792 1675 record
1813 1646 1849 1674 of

1685 1685 1859 1721 visitation,

1685 1723 1821 1759 Octslo,

1686 1764 1771 1792 1341.

1686 2644 1766 2673 First
1779 2646 1839 2683 day
1853 2647 1887 2675 of

1685 2684 1835 2713 Michael-

1685 2732 1752 2752 mas
1768 2723 1860 2753 Tcrm

1685 2762 1829 2799 assigned

1684 2802 1732 2829 for
1747 2811 1875 2839 appear-

1685 2849 1769 2869 auce.
