1935 3151
598 153 824 187 0R1G1NA1,
862 151 1150 190 DocUMsssz.
1784 137 1843 183 21
1854 137 1877 182 1

109 265 380 319 mesuagium
411 278 509 304 cum
541 266 819 317 pertinenciis
850 265 904 305 de
937 278 1005 304 me
1028 268 1074 304 et
1096 264 1410 304 successoribus
1431 263 1540 302 meis
1564 262 1644 301 im-

108 334 384 383 perpetuum,
416 328 631 381 praedictis
654 329 871 369 Willelmo
902 328 955 368 de
988 328 1160 378 Meaux,
1191 327 1361 368 Matild’
1394 328 1514 367 uxori
1542 339 1643 374 suae,

109 398 154 432 et
174 407 322 433 eorum
344 391 598 442 haeredibus,
622 393 768 443 libere,
791 394 954 446 quiete,
979 392 1101 442 bene,
1125 395 1169 432 et
1192 393 1235 431 in
1259 406 1374 445 pace.
1408 390 1643 431 Reddendo

108 457 209 496 inde
246 457 470 496 annuatim
504 455 636 496 michi
670 460 714 497 et
746 456 1059 496 successoribus
1085 457 1193 496 meis
1227 457 1302 509 qui
1339 470 1415 509 pro
1449 459 1643 507 tempore

107 520 288 570 fuerint,
323 534 395 559 sex
432 520 552 560 solid’
586 521 778 575 sterling’
813 520 866 560 ad
903 520 1008 560 duos
1042 521 1143 559 anni
1179 521 1404 570 terminos,
1441 518 1644 558 videlicet

108 584 388 624 medietatem
410 584 462 623 ad
484 584 641 624 festum
668 585 814 625 Sancti
836 584 1016 624 Martini
1040 586 1085 623 in
1106 598 1245 637 yeme,
1268 588 1313 624 et
1336 584 1464 623 aliam
1480 583 1644 622 medie-

107 652 243 688 tatem
275 649 320 687 in
352 647 461 687 festo
493 648 783 699 Pentecostes,
806 662 881 702 pro
912 649 1111 688 omnibus
1145 648 1416 688 saecularibus
1439 648 1643 696 serviciis,

108 711 418 760 exaccionibus,
453 715 498 751 et
530 711 768 752 demandis.
830 711 888 751 Et
925 726 1004 766 ego
1037 713 1267 764 praedictus
1300 711 1546 751 Willelmus
1587 710 1641 750 de

107 774 276 829 Thorp’,
308 776 414 815 dicti
445 773 667 828 hospitalis
698 779 856 826 custos,
889 780 935 816 et
967 789 1226 815 successores
1258 776 1357 824 mei,
1389 775 1642 828 praedictum

107 840 378 893 mesuagium
400 853 499 878 cum
530 840 730 879 omnibus
762 841 849 879 suis
881 840 1176 893 pertinenciis,
1198 839 1325 879 dictis
1346 838 1565 879 willelmo
1587 838 1641 877 de

107 903 280 952 Meaux,
302 903 472 943 Matild'
500 904 621 943 uxori
654 917 753 953 suae,
786 907 831 943 et
863 917 1010 943 eorum
1041 903 1295 953 haeredibus,
1317 906 1464 943 contra
1495 915 1642 942 omnes

107 964 303 1006 homines
335 967 717 1018 warantizabimus,
745 966 1100 1020 acquietabimus,
1124 970 1169 1007 et
1200 968 1246 1007 in
1278 970 1535 1020 perpetuum
1568 966 1642 1005 de-

105 1029 346 1071 fendemus.
378 1030 432 1070 In
453 1029 575 1084 cujus
592 1031 654 1070 rei
667 1032 968 1071 testimonium
984 1031 1177 1086 sigillum
1193 1044 1340 1071 meum
1358 1030 1642 1084 praesentibus

108 1098 173 1134 est
193 1108 446 1147 appensum.
508 1094 605 1134 Hiis
627 1095 828 1145 testibus,
851 1096 1035 1135 dominis
1067 1096 1240 1136 Simone
1262 1095 1430 1144 VVarde,
1454 1094 1643 1134 Roberto

107 1158 161 1198 de
202 1157 432 1212 Coygners,
463 1158 689 1209 militibus,
720 1159 939 1199 willelmo
980 1160 1033 1199 de
1074 1159 1288 1208 Aldefeld,
1329 1158 1548 1198 willelmo
1588 1158 1642 1198 de

109 1221 300 1262 Shirwod
341 1223 393 1262 de
428 1222 607 1276 Rypon’,
638 1222 845 1263 Nicholao
885 1223 1065 1263 Huberd
1107 1224 1160 1263 de
1203 1224 1368 1274 eadem,
1406 1226 1451 1263 et
1492 1222 1642 1262 multis

107 1286 231 1326 aliis.’

196 1350 284 1390 Nos
305 1351 442 1404 igitur
472 1349 814 1404 archiepiscopus
847 1351 1116 1405 supradictus
1137 1350 1335 1405 praefatas
1357 1351 1639 1391 donacionem
1676 1357 1849 1403 Confirma-

107 1418 153 1454 et
185 1415 503 1455 concessionem
536 1415 588 1455 de
624 1428 833 1455 consensu
868 1419 1027 1465 nostro,
1068 1419 1120 1455 ut
1160 1416 1454 1469 praemittitur,
1495 1413 1643 1464 factas,
1678 1401 1756 1427 ‘¹⁰¹¹'

107 1482 319 1532 quantum
340 1479 393 1519 ad
414 1492 491 1518 nos
522 1480 698 1529 attinet,
720 1483 869 1520 tenore
900 1481 1183 1533 praesencium
1211 1479 1527 1520 confirmamus.
1588 1478 1643 1518 In

106 1556 288 1596 quorum
310 1543 505 1582 omnium
524 1544 827 1583 testimonium
849 1543 1039 1598 sigillum
1061 1547 1258 1584 nostrum
1271 1543 1556 1597 praesentibus
1579 1545 1645 1582 est

109 1619 363 1659 appensum.

195 1669 295 1710 Dat.
317 1670 432 1723 apud
454 1669 625 1724 Scroby,
648 1670 715 1724 iij⁰
737 1670 847 1710 Non.
870 1670 1095 1711 Decembr.
1119 1671 1243 1710 Anno
1264 1670 1417 1725 graciae
1439 1670 1505 1709 Μο
1526 1673 1644 1709 cccm⁰

109 1734 422 1783 terciodecimo,
444 1737 489 1774 et
509 1734 788 1786 pontificatus
810 1735 945 1774 nostri
968 1737 1132 1774 octavo.

194 1902 329 1937 CXIV.
364 1902 654 1937 VISITATION
687 1903 751 1937 OF
783 1902 888 1937 THE
921 1902 1176 1937 HOSPITAL
1209 1903 1271 1938 OF
1304 1903 1371 1938 ST.
1408 1902 1560 1937 MARY

710 1960 1045 1996 MAGDALENE.

475 2029 616 2074 (Dum).
642 2028 824 2072 MONAST„
842 2029 912 2064 vol.
934 2029 983 2064 iii.
1006 2030 1147 2075 (1673),
1165 2041 1198 2076 p.
1217 2029 1293 2075 88.)

143 2098 359 2132 Veredictum
368 2098 576 2143 juratorum
594 2110 695 2143 super
711 2102 806 2133 statu
825 2099 1019 2143 Hospitalis
1036 2099 1077 2132 de
1094 2099 1225 2144 Ripon,
1242 2099 1351 2132 Anno
1369 2099 1501 2132 decimo
1519 2098 1609 2143 reye's

703 2151 876 2185 Edwardi
893 2152 1053 2186 Secundi.

199 2224 432 2277 Inquisitio
472 2228 596 2278 capta
637 2225 706 2266 die
747 2226 972 2266 Dominica
1003 2227 1047 2266 in
1092 2226 1264 2267 Octabis
1307 2226 1442 2267 beatae
1483 2224 1647 2267 Marica
1679 2237 1734 2266 Ex
1748 2238 1829 2268 bun-

111 2288 319 2342 Virginis,
352 2289 466 2341 apud
500 2289 696 2340 Ribstan,
729 2303 869 2330 coram
905 2291 1134 2330 Escaetore
1170 2290 1345 2330 Domini
1381 2290 1510 2343 Regis
1541 2291 1647 2330 citra
1681 2277 1879 2350 ἐξὲᾞξζζίε

115 2350 339 2402 Τνεπίαῃι,
380 2366 493 2392 anno
532 2353 655 2407 regni
696 2354 811 2407 regis
853 2352 1073 2394 Edwardzj
1124 2354 1203 2393 filii
1244 2354 1375 2408 Regis
1426 2352 1646 2394 Edwardi
1681 2356 1870 2423 {etqmssore

113 2414 294 2464 decimo,
310 2414 436 2468 juxta
456 2415 638 2456 formam
652 2417 800 2457 Brevis
819 2421 863 2458 et
880 2416 986 2472 (sic)
1002 2417 1102 2457 huic
1120 2418 1399 2471 Inquisitioni
1420 2431 1646 2469 annexam,
1681 2397 1851 2472 &figat-⁶31.

112 2492 190 2531 per
219 2477 474 2519 Henrz'cum
496 2478 661 2531 Blome,
684 2479 926 2521 Robertum
948 2481 1000 2521 de
1023 2480 1230 2532 Haltone,
1254 2485 1327 2522 etc.
1344 2481 1538 2535 juratos3
1571 2483 1645 2535 qui
1679 2474 1851 2542 2255317·

113 2541 264 2581 dicunt
306 2555 432 2595 super
475 2543 800 2583 Sacramentum
843 2558 983 2594 suum,
1025 2546 1139 2599 quod
1176 2546 1221 2585 in
1255 2545 1474 2598 Hospitali
1507 2545 1644 2586 beatae
1679 2566 1773 2606 Jury.

113 2603 276 2657 Mem-icc
298 2605 562 2659 Maydalene
583 2607 627 2646 in
650 2607 775 2647 Brevi
790 2612 1007 2659 contento,
1025 2609 1182 2650 debent
1203 2623 1292 2649 esse
1307 2610 1643 2662 imperpetuum,
1679 2621 1878 2660 They-swear

116 2669 351 2708 secundum
379 2669 561 2709 formam
583 2669 849 2711 fundationis
871 2672 1063 2725 ejusdem
1086 2673 1328 2726 Hospitalis
1350 2673 1533 2713 cotidie¹
1557 2673 1644 2713 duo
1679 2662 1851 2730 {ssggffihffi

115 2730 330 2784 Capellani
354 2732 498 2773 divina
519 2734 784 2774 celebrantes
802 2750 812 2784 ;
844 2736 974 2785 unde,
995 2751 1071 2790 per
1092 2741 1235 2777 totum
1251 2740 1422 2790 tempus
1437 2734 1644 2777 Nicholai
1679 2742 1742 2783 “5⁰
1758 2741 1852 2778 chap-

115 2794 168 2833 de
189 2793 367 2847 AIolyns
390 2795 587 2837 Custodis
617 2797 779 2838 ibidem
809 2799 1080 2840 subtrahitur
1111 2800 1312 2841 Cantaria
1343 2801 1473 2840 unius
1496 2799 1644 2854 Capel-
1679 2778 1871 2856 iffissrgsziat

564 2893 621 2938 (l)
650 2893 814 2938 Dugdale
833 2894 945 2940 prims
964 2897 973 2914 ‘
987 2895 1150 2930 cmjidies

850 2968 870 2989 P
893 2962 910 2989 2
