1915 3068
416 132 648 167 EXCERPTS
686 133 813 165 FROM
851 133 1156 176 CHRONICLES,
1198 134 1289 166 1⁴:⁷1¹st

78 245 208 301 tagiis
227 244 370 299 Hang,
388 243 619 298 Halykeld,
637 235 849 300 Gyllyng,
862 245 914 285 de
937 243 1282 299 Northtridding,
1297 249 1341 285 et
1363 246 1415 285 (cle
1434 245 1620 298 NVapeu-

78 310 207 364 tagiis
236 308 409 357 Ularow,
434 309 630 362 Ayinsty,
659 308 882 362 Staynclif,
912 310 980 349 et¹
1011 309 1065 349 de
1086 310 1403 364 NVesttridding
1433 309 1619 363 praefatae

79 373 266 413 ecclesiae
283 373 611 422 circumvicinis,
626 373 783 426 quibus
805 387 879 426 per
895 373 1158 427 justiciarios
1180 375 1403 427 praedictos
1426 388 1476 413 ex
1499 378 1618 427 parte

80 437 244 475 domini
275 436 407 490 Regis
430 440 495 476 est
517 441 794 490 praeceptum,
818 438 897 477 sub
928 451 1054 490 poena
1086 436 1444 478 exhaeredacionis
1478 439 1543 477 sui
1576 441 1620 477 et

80 499 300 539 haeredum
339 514 528 549 suorum,
571 504 616 540 et
657 501 901 540 amissionis
944 502 1139 541 omnium
1181 516 1326 541 rerum
1369 516 1475 555 quas
1517 516 1619 557 erga

79 565 305 604 dominum
338 564 505 619 Regem
534 568 714 617 possunt
743 566 936 618 perdere,
964 579 1018 605 ne
1048 565 1212 619 aliquid
1235 567 1380 605 dicant
1402 567 1618 619 pertinere

78 629 133 668 ad
164 628 408 681 capitulum
440 632 485 668 et
517 628 742 668 ecclesiam
773 630 1025 682 praedicta.m
1057 630 1171 682 quod
1193 630 1246 669 ad
1270 630 1379 669 illud
1401 644 1487 669 non
1520 644 1616 683 per-

77 692 206 742 tinet,
227 705 306 731 nec
338 692 421 745 ipsi
452 691 769 746 archiepiscopo
796 693 1012 744 similiter,
1039 707 1117 733 nec
1147 694 1260 746 quod
1282 694 1439 747 aliquis
1471 694 1524 734 ab
1556 695 1618 734 eis

78 755 249 796 auferat
281 756 333 795 de
366 756 658 806 libertatibus,
681 756 831 806 feodis,
856 761 900 796 et
931 758 1061 797 rectis
1092 758 1480 798 consuetudinibus
1513 759 1617 807 suis,

78 834 184 873 quas
206 820 268 859 eis
292 820 344 859 de
361 819 462 873 jure
485 821 629 859 sciunt
650 821 880 873 pertinere,
904 825 948 860 et
970 822 1086 860 unde
1105 822 1248 861 sciunt
1262 822 1376 874 ipsos
1391 823 1436 861 in
1460 823 1618 862 seisina

79 897 170 923 esse
191 898 216 923 a
236 887 429 936 tempore
451 897 536 936 quo
557 884 799 937 capitulum
825 885 1029 934 narravit,
1052 889 1093 924 et
1118 899 1193 938 per
1214 899 1344 938 quem
1358 887 1542 926 titulum
1565 887 1617 926 de

72 948 189 1002 jure,
203 961 251 987 ac
266 948 402 987 eciam
420 961 515 1001 quae
531 947 668 998 feoda,
679 962 784 1001 quas
801 952 951 999 terras,
965 949 1018 989 de
1033 949 1190 1002 quibus
1204 951 1471 1001 tenentibus,
1487 954 1531 990 et
1544 965 1620 1004 per

77 1025 172 1064 quae
195 1012 372 1051 servicia
386 1016 430 1051 et,
451 1026 557 1065 quas
572 1013 923 1063 consuetudines,
938 1016 982 1052 et
996 1013 1042 1052 in
1060 1013 1218 1066 quibus
1232 1014 1348 1053 villis
1362 1015 1617 1067 praedictum

77 1075 319 1129 capitulum
340 1074 473 1115 habet
496 1075 642 1115 sokam
666 1090 803 1127 suam,
826 1080 870 1116 et
902 1090 977 1129 per
1008 1077 1157 1130 quales
1189 1078 1347 1117 divisas
1381 1092 1423 1118 se
1455 1077 1618 1118 habent,

76 1140 130 1179 ad
151 1140 339 1180 invicem
361 1139 552 1190 feodum,
579 1144 624 1180 et,
651 1143 787 1180 terras
810 1140 1005 1193 capituli,
1028 1144 1073 1180 et
1095 1141 1270 1181 feodum
1297 1142 1432 1195 ipsius
1454 1141 1619 1182 archie-

78 1204 254 1256 piscopi,
283 1207 327 1243 et
358 1218 453 1257 quae
492 1204 668 1244 servicia
705 1208 749 1244 et
785 1218 891 1257 quas
925 1206 1261 1245 consuetudines
1295 1206 1412 1246 idem
1454 1205 1619 1246 archie-

78 1268 276 1321 piscopus
298 1266 430 1308 habet
454 1272 499 1308 et
527 1269 580 1308 de
607 1267 706 1321 Jure
738 1267 895 1308 habere
917 1269 1044 1309 debet
1078 1270 1131 1309 de
1153 1270 1280 1309 terris
1303 1273 1347 1309 et
1368 1269 1618 1310 hominibus

78 1332 214 1385 ipsius
237 1332 432 1385 capituli.
494 1333 553 1372 Et
585 1333 619 1371 si
651 1332 892 1386 capitulum
915 1337 959 1373 et
979 1334 1172 1372 canonici
1195 1334 1383 1374 ecclesiae
1404 1335 1619 1387 praedictfe

78 1395 266 1436 habeant
288 1396 476 1449 proficua
509 1410 585 1436 sua
606 1397 652 1436 in
683 1398 830 1447 vastis,
852 1398 997 1448 moris,
1019 1398 1227 1448 mariscis,
1250 1399 1457 1451 quateris,
1480 1400 1617 1452 aquis,

79 1462 160 1500 etc.
178 1460 224 1499 in
238 1461 458 1500 communi
479 1474 580 1500 cum
602 1459 851 1500 hominibus
872 1462 1009 1514 ipsius
1029 1460 1339 1515 archiepiscopi
1361 1462 1413 1502 de
1430 1461 1531 1515 jure
1549 1463 1618 1502 vel

78 1537 154 1576 pro
186 1538 262 1563 suo
290 1525 445 1574 dando,
479 1528 524 1564 et
557 1525 671 1578 quod
707 1526 996 1578 respondeant
1023 1526 1077 1566 ad
1111 1526 1352 1579 quemlibet
1383 1526 1617 1566 articulum

80 1590 328 1641 separatim.
392 1589 533 1639 Unde,
561 1588 712 1629 habita
743 1589 1058 1629 deliberacione
1090 1591 1191 1630 inde
1224 1590 1444 1644 loquendi,
1467 1591 1617 1631 dicunt

80 1666 207 1706 super
230 1657 549 1694 sacramentum
573 1668 702 1693 suum
733 1655 847 1707 quod
869 1655 1073 1707 praedicta
1106 1655 1286 1695 ecclesia
1309 1658 1353 1695 et
1374 1656 1617 1708 capitulum

79 1730 103 1755 a
133 1720 327 1770 tempore
359 1718 491 1773 Regis
525 1718 740 1757 Atelstani
772 1716 1021 1758 habuerunt
1052 1733 1202 1772 pacem
1233 1733 1355 1758 suam
1388 1723 1436 1758 ut
1472 1733 1618 1759 narra-

79 1784 249 1831 verunt,
265 1784 309 1821 et
331 1782 535 1821 emendas
558 1785 602 1821 et
623 1782 876 1834 puniciones
899 1783 951 1822 de
973 1782 1060 1822 illis
1082 1783 1157 1835 qui
1179 1796 1329 1835 pacem
1344 1783 1464 1822 illam
1486 1783 1619 1823 infre-

78 1848 251 1899 gerunt,
275 1849 316 1884 et
340 1844 503 1885 habent
525 1844 598 1895 tol,
621 1849 721 1895 tem,
743 1844 831 1896 sok,
854 1849 898 1885 et
919 1845 1010 1897 sak,
1033 1844 1232 1897 772e7·clzet,
1256 1845 1485 1897 lecherwit,
1497 1847 1618 1900 judi-

78 1909 194 1948 cium
216 1908 317 1948 ferri
349 1913 394 1949 et
421 1924 556 1963 aquae,
580 1913 624 1949 et
654 1924 781 1949 suum
815 1910 1027 1949 latronem
1059 1911 1322 1963 ubicumque
1354 1914 1530 1963 captum
1562 1913 1615 1951 ad

72 1971 358 2025 judicandum
379 1974 425 2012 in
447 1974 565 2013 curia
589 1987 678 2024 sua,
701 1977 746 2012 et
767 1977 1009 2013 mercatum
1036 1988 1164 2013 suum
1192 1974 1384 2027 quolibet
1408 1975 1477 2014 die
1500 1975 1619 2014 Mer-

76 2037 198 2086 curii,
230 2037 382 2076 assisas
411 2037 534 2090 panis
567 2041 612 2076 et
646 2037 844 2087 servisiae,
877 2038 1116 2090 pondorum
1149 2040 1194 2077 et
1228 2052 1546 2088 mensurarum,
1573 2043 1615 2078 et

77 2101 279 2140 emendas
300 2101 416 2151 inde,
437 2101 664 2154 pilloriam,
687 2101 1011 2151 tumberellum,
1035 2104 1080 2141 et
1109 2101 1262 2141 feriam
1296 2116 1417 2141 suam
1444 2106 1491 2141 ut
1519 2116 1617 2142 nar-

76 2164 200 2213 ravit,
223 2177 322 2203 cum
344 2164 544 2204 omnibus
566 2178 661 2217 quae
692 2165 746 2204 ad
777 2168 1018 2204 mercatum
1052 2168 1096 2204 et
1126 2164 1280 2205 feriam
1312 2166 1547 2218 pertinent,
1571 2170 1615 2205 et

77 2225 342 2281 infa729thef
368 2232 413 2267 et
434 2227 754 2282 outefcmssthef,
777 2228 932 2279 furcas,
955 2230 1186 2282 prisonam‚
1202 2227 1439 2279 blodemite,
1457 2229 1611 2282 placita

78 2291 131 2330 de
158 2291 434 2341 Gakabarre,²
454 2297 720 2332 coronatores
751 2293 955 2346 proprios,
987 2293 1156 2346 appella
1187 2297 1231 2332 et
1258 2294 1613 2333 terminacionem

79 2367 240 2404 eorum,
265 2355 378 2395 salvo
400 2357 513 2409 quod
534 2356 776 2409 appellatus
803 2370 846 2396 se
877 2370 963 2395 non
993 2356 1185 2396 defendit
1210 2370 1285 2409 per
1307 2357 1517 2405 duellum,
1541 2358 1613 2396 sed

76 2431 152 2471 per
181 2415 302 2472 xij⁰³¹¹²
333 2419 487 2459 liberos
518 2419 714 2459 homines
745 2421 862 2460 beati
892 2419 1083 2459 wilfridi
1114 2420 1167 2460 de
1199 2420 1309 2459 bono
1342 2424 1387 2460 et
1418 2421 1532 2460 malo
1570 2435 1612 2460 se

76 2487 207 2534 ponat
228 2483 296 2523 vel
317 2497 392 2536 pro
413 2484 606 2523 convicto
637 2483 861 2533 habeatur,
891 2488 934 2523 et
965 2482 1125 2523 habent
1158 2484 1313 2524 catalla
1344 2484 1536 2523 felonum
1569 2489 1610 2524 et

75 2545 373 2601 fugitivorum,
392 2551 437 2587 et
452 2547 605 2587 catalla
628 2561 702 2600 per
727 2547 1012 2602 fugitivorum
1034 2545 1140 2602 (sic)
1163 2547 1230 2586 vel
1252 2547 1464 2587 latronem
1481 2548 1611 2588 dead-

75 2614 239 2661 vocata,
262 2615 303 2650 et
327 2610 441 2651 wrek
463 2614 507 2650 et
528 2611 655 2665 weuf,
677 2615 814 2664 stray,
838 2612 1001 2651 curiam
1025 2625 1161 2661 suam,
1180 2615 1220 2651 et
1240 2612 1535 2666 cognicionem
1558 2613 1611 2652 de

75 2672 182 2713 falso
196 2675 377 2728 judicio,
400 2678 444 2714 et
465 2676 661 2714 omnium
693 2675 950 2728 placitorum
979 2679 1126 2715 contra
1157 2675 1397 2728 capitulum
1421 2679 1464 2715 et
1487 2689 1611 2714 cano-

153 2777 208 2820 (1)
235 2776 310 2811 The
329 2781 373 2820 et,
390 2776 481 2811 with
499 2789 519 2811 a
538 2788 688 2821 comma,
705 2778 824 2812 would
843 2789 937 2812 seem
963 2782 1001 2812 to
1026 2788 1124 2812 come
1149 2776 1266 2812 better
1283 2777 1375 2812 after
1392 2779 1402 2797 ‘
1414 2777 1612 2811 V’esttrid-

81 2828 188 2862 dinun’

144 2858 208 2921 effi]
236 2880 283 2915 So
301 2881 334 2915 in
353 2882 429 2917 MS.
447 2896 454 2921 ς
480 2883 499 2917 I
516 2888 646 2918 cannot
665 2882 806 2929 explain
825 2883 887 2918 the
907 2888 1011 2918 term.

1655 383 1681 410 A
1692 382 1703 420 j
1710 392 1769 420 ury
1787 383 1793 410 i
1799 392 1813 411 3

1655 423 1785 452 son-mod.

1655 462 1717 489 and
1733 471 1809 489 cau-

1655 501 1773 529 tioned.

1656 1601 1816 1630 Evidence

1656 1641 1692 1685 of
1711 1641 1764 1669 the

1650 1689 1767 1717 Jurors.

1649 2368 1750 2397 Trials
1765 2372 1822 2398 notl

1650 2411 1683 2437 to
1699 2408 1735 2437 be
1751 2408 1795 2446 by

1648 2448 1730 2482 duel,
1747 2448 1803 2475 hut

1649 2487 1689 2523 by
1703 2495 1849 2524 compur-

1647 2526 1770 2563 gatiou.
