1935 3151
101 169 194 216 300

106 868 174 890 m).
192 860 276 888 1454.

105 916 282 945 Certiiicate

106 955 202 999 offlie
213 954 301 998 (Jom-

107 1003 269 1023 missaries.

110 1425 175 1454 Tho
191 1425 279 1454 letter

110 1465 144 1493 of
161 1464 306 1492 Nil-holus

112 1503 150 1531 V.
167 1509 196 1532 tu
212 1503 264 1532 the

111 1542 262 1571 Coruinis-

111 1581 216 1610 suries.

129 2630 236 2668 livriry
254 2631 310 2659 Vl.

129 2669 184 2697 'ln-s
202 2670 294 2697 :bist-(l

131 2707 176 2736 fur
193 2708 292 2736 indul-

131 2756 240 2779 {ll'lwi-ts
257 2748 300 2774 sor

133 2783 288 2817 lin-'luni

131 2829 188 2852 etv.

810 175 1084 210 MEMORIALS
1120 174 1177 207 OF
1212 172 1371 205 RIPON.

422 292 520 332 Two
557 289 686 345 slips,
719 302 799 329 one
834 285 1066 339 retaininq
1102 297 1131 325 α
1163 282 1299 324 small
1335 280 1534 323 cviroular
1565 279 1656 322 scal
1687 279 1796 322 with
1828 293 1857 322 a

333 354 473 396 shield
496 353 692 407 beariny,
706 364 843 393 cvera
866 349 962 391 lion
974 351 1206 403 rampant,
1220 361 1250 388 α,
1272 345 1452 388 banella.
1467 345 1584 386 Insc.
1602 355 1637 387 S.
1652 355 1856 386 RICARDI:

572 429 582 444 r
755 416 773 445 ⁴>

335 430 392 459 m:
422 429 664 523 irchioissci.
690 448 699 457 ⁰
726 416 827 520 ἕξω.
850 479 901 518 de
924 477 1054 518 Nida.
1115 476 1165 516 B.
1190 476 1258 516 68.

371 669 514 705 CXCV.
549 669 651 704 THE
683 667 847 703 POPE’S
881 666 1078 702 LETTER
1110 665 1209 700 FOR
1242 664 1345 699 THE
1379 663 1595 699 JUBILEE
1629 664 1691 699 OF
1726 664 1827 698 1454.

862 747 1006 792 (ΗΙΡΟΝ
1031 746 1212 781 CEAPTER
1236 745 1332 790 MS.)

423 837 653 876 ROBERTUS
675 835 867 885 BOTYLL,
889 834 1010 874 Prior
1033 834 1252 873 Prioratus
1285 832 1432 873 Sancti
1453 833 1481 873 J
1484 830 1664 872 ohannis
1685 831 1713 872 J
1716 844 1859 871 erusa-

336 901 523 940 limitani
556 901 601 939 in
635 899 804 953 Anglia,
838 912 886 937 ac
918 898 1148 939 JOHANNES
1181 898 1535 937 LANGSTROTHYR
1570 896 1689 935 urbis
1723 894 1865 935 Rodhi

337 964 616 1013 castellanus,
637 962 949 1003 venerabilibus
972 962 1074 1001 viris
1096 959 1218 1016 <half
1234 974 1263 1000 α
1284 959 1375 1001 bine
1397 959 1473 1014 left
1495 957 1647 1014 blank)
1668 969 1865 999 SALUTEM

337 1033 379 1069 et
404 1029 609 1067 sinceram
625 1028 670 1066 in
684 1027 867 1066 Domino
889 1027 1128 1065 caritatem.
1166 1025 1333 1064 Literas
1357 1024 1613 1064 sanctissimi
1633 1024 1680 1063 in
1698 1022 1866 1064 Christo

337 1093 469 1145 patris
501 1096 545 1131 et
580 1091 742 1131 domini
777 1091 928 1140 nostri,
965 1090 1129 1129 domini
1164 1087 1377 1138 Nicholai,
1414 1089 1559 1128 divina
1594 1087 1868 1141 providencia

336 1157 462 1209 Papae
496 1155 652 1208 quinti,
688 1167 824 1204 sanas,
858 1155 1064 1208 integraS‚
1100 1166 1186 1193 non
1220 1153 1409 1202 viciatas,
1441 1165 1519 1192 nec
1553 1152 1598 1191 in
1633 1151 1775 1204 aliqua
1801 1151 1867 1190 sui

337 1224 456 1273 parte
500 1222 731 1272 suspectas,
763 1232 860 1257 cum
902 1218 1075 1257 cordula
1107 1216 1305 1270 canapis¹
1349 1216 1551 1255 Romanae
1592 1216 1719 1255 curiae
1751 1228 1868 1254 more

337 1283 579 1336 plumbatas
601 1296 738 1335 nuper
759 1283 1017 1335 accepimus,
1040 1296 1222 1335 quarum
1243 1285 1368 1321 tenor
1390 1281 1444 1320 de
1466 1280 1594 1320 verbo
1615 1280 1669 1319 ad
1690 1279 1868 1319 verbum

339 1348 529 1400 sequitur
549 1347 594 1385 in
615 1347 704 1386 haec
726 1346 852 1386 verba
869 1362 940 1386 :—

426 1411 677 1450 NICHOLAUS
709 1408 994 1465 (episcopus),
1027 1407 1315 1465 (interlined)
1348 1422 1494 1448 servus
1527 1420 1742 1448 servorum
1773 1406 1869 1456 Dei,

340 1475 509 1514 dilectis
530 1474 629 1513 filiis
663 1474 868 1513 ROBERTO
891 1474 1082 1523 BOTYLL,
1105 1474 1242 1513 Priori
1263 1473 1483 1512 Prioratus
1505 1472 1687 1525 Angliae,
1709 1470 1869 1511 ordinis

343 1539 487 1579 Sancti
530 1536 740 1578 Johannis
775 1537 1133 1588 Jerusalimitani,
1165 1551 1213 1577 ac
1244 1537 1472 1578 JOHANNES
1503 1537 1868 1588 LANGSTROTHYR,

345 1601 584 1642 Castellano
605 1601 721 1640 urbis
743 1600 899 1651 Rhodi,
922 1601 1106 1641 salutem
1137 1605 1183 1640 et
1213 1601 1487 1654 apostolicam
1508 1599 1869 1639 benediccionem.

343 1666 406 1705 Ad
429 1665 646 1718 providam
667 1669 817 1704 vestrae
846 1666 1242 1718 circumspeccionis
1274 1665 1546 1714 industriam,
1569 1672 1870 1716 expertamque

344 1729 568 1782 probitatis
601 1733 646 1768 et
677 1729 899 1768 fidelitatis
934 1729 1243 1779 sinceritatem,
1277 1729 1433 1782 quibus
1466 1740 1664 1781 personas
1695 1728 1871 1774 vestras,

344 1796 431 1831 taur
462 1792 690 1845 fidedignis
721 1793 926 1832 relatibus
957 1806 1085 1845 quam
1107 1806 1251 1832 rerum
1285 1792 1553 1845 experiencia
1584 1790 1743 1830 clarere
1774 1802 1871 1842 per-

345 1857 548 1908 cepimus,
571 1857 805 1910 dirigentes
828 1860 981 1896 vestrae
1003 1857 1359 1896 consideracionis
1381 1855 1609 1904 intuitum,
1630 1853 1733 1893 talia
1752 1852 1872 1893 vobis

348 1919 610 1959 confidenter
640 1920 951 1960 committimus
975 1920 1234 1973 exequenda,
1256 1920 1301 1959 in
1323 1933 1503 1972 quorum
1527 1918 1779 1958 execucione
1799 1928 1872 1955 vos

348 1983 468 2021 nobis
490 1987 533 2022 et
547 1984 799 2036 Apostolicae
818 1983 917 2024 Sedi
931 1983 1204 2037 obsequiosos
1218 1997 1266 2023 ac
1280 1983 1479 2037 religioni
1497 1982 1642 2022 Sancti
1664 1981 1690 2022 J
1694 1979 1872 2020 ohannis

350 2046 690 2086 dvrosolomitani
711 2047 950 2088 fructuosos
973 2048 1149 2088 reddere
1171 2047 1363 2087 valeatis.
1424 2047 1574 2100 Nuper
1596 2045 1806 2098 siquidem
1827 2044 1873 2082 in

353 2110 537 2150 savorem
558 2111 813 2151 dilectorum
835 2111 1020 2151 filiorum
1051 2112 1248 2165 magistri
1279 2110 1503 2165 hospitalis
1535 2107 1875 2150 Jerusalimitani

353 2178 391 2211 et
417 2178 649 2213 conventus
666 2173 805 2214 Rhodi
820 2189 903 2228 quo
921 2188 1025 2225 sese,
1042 2180 1221 2228 paterno
1238 2175 1492 2229 Apostolicae
1510 2173 1631 2214 Sedis
1647 2172 1875 2212 accedente

355 2236 568 2290 suffragio,
610 2239 768 2290 pariter
810 2242 855 2278 et
895 2238 1148 2292 religionem
1189 2239 1449 2292 praedictam,
1491 2238 1544 2277 ab
1575 2235 1789 2276 acerrimis
1831 2237 1876 2274 et

354 2300 659 2340 crudelissimis
689 2300 882 2341 hostium
906 2306 951 2342 et
982 2303 1255 2342 inimicorum
1278 2301 1513 2343 Christiani
1534 2300 1720 2340 nominis
1742 2297 1877 2338 insul-

355 2363 484 2412 tibus,
507 2368 551 2402 et
573 2365 773 2416 periculis
795 2366 890 2418 plus
915 2366 1041 2406 solito
1062 2367 1381 2421 ingruentibus,
1404 2365 1571 2405 facilius
1591 2365 1811 2412 tueantur,
1834 2364 1878 2401 et

356 2426 406 2464 ‹1‹·
431 2427 727 2479 magnitudine
754 2433 1068 2469 contractorum
1091 2430 1333 2469 debitorum
1355 2433 1528 2483 propter
1548 2440 1721 2482 guerras
1744 2426 1805 2466 eis
1825 2424 1878 2465 ab

357 2489 601 2528 infidelibus
634 2489 879 2543 hujusmodi
911 2493 1076 2533 dudum
1108 2494 1247 2534 illatas
1280 2494 1450 2534 valeant
1480 2493 1676 2541 liberare,
1697 2490 1877 2543 aliisque

358 2552 442 2591 illis
476 2553 823 2594 incumbentibus
855 2557 1054 2596 oneribus
1086 2557 1304 2597 comodius
1327 2556 1639 2610 supportandiS,
1661 2553 1880 2593 carissimo

360 2617 400 2654 iu
427 2615 595 2655 Christo
617 2617 704 2656 filio
736 2622 880 2658 nostro
912 2620 1098 2660 Henrico
1130 2635 1230 2675 rege
1262 2621 1428 2675 Angliae
1459 2619 1619 2660 illustri
1652 2615 1879 2671 superinde

361 2679 479 2716 uobis
510 2680 661 2719 devote
695 2682 971 2734 supplicante,
994 2684 1195 2736 quasdam
1217 2685 1262 2724 in
1285 2698 1417 2739 regno
1438 2683 1617 2738 Angliae,
1638 2681 1881 2735 principatu

363 2742 537 2791 Wulliw,
553 2747 595 2782 vt
617 2743 804 2783 dominio
821 2745 1054 2797 Hiberniae,
1071 2761 1236 2787 necnon
1258 2747 1518 2788 insularibus
1539 2749 1584 2786 et
1603 2745 1697 2785 aliis
1718 2743 1819 2784 locis
1841 2742 1881 2782 ei

435 2855 488 2897 (li
519 2855 586 2888 1³01·
603 2857 773 2891 cannabis.
824 2859 991 2904 Ducange
1009 2864 1135 2905 quotes
1153 2872 1173 2894 a
1190 2865 1325 2896 statute
1343 2860 1462 2896 which
1488 2859 1665 2895 mentions
1683 2857 1744 2892 the
1763 2868 1824 2892 use
1844 2853 1884 2890 of

365 2917 381 2937 n
402 2906 483 2939 cord
503 2906 541 2939 us
558 2907 659 2952 liemp
679 2909 852 2953 (canapis)
874 2910 926 2944 for
944 2911 1047 2957 papa]
1067 2911 1172 2947 bulls.
