1935 3151
94 170 189 217 238
811 171 1089 207 MEMomALs
1123 171 1182 205 oF
1216 171 1376 206 RIPON.

328 289 473 342 ipsum
500 287 768 342 pertinencia
795 285 993 334 alienata,
1025 283 1245 337 dissipata,
1275 284 1345 324 vel
1375 283 1609 334 destructa,
1639 296 1719 325 nee
1747 283 1861 338 quod

326 354 495 393 invenit
515 352 757 392 manerium
780 350 832 390 de
850 349 1028 402 Stodlay
1041 348 1157 388 dicto
1173 347 1377 402 hospitali
1390 348 1559 388 noviter
1575 348 1862 401 adquaesitum

326 418 562 466 ruinosum,
587 420 632 456 et
657 416 716 455 sic
739 417 806 454 est
827 412 982 453 adhuc.
1043 412 1101 451 Et
1131 413 1239 452 dicit
1270 412 1384 466 quod
1405 425 1491 452 non
1523 415 1636 452 esset
1667 413 1720 452 ad
1740 413 1863 453 utili-

326 485 465 521 tatem
501 481 605 520 dicti
639 478 865 532 hospitalis
898 476 1008 516 illud
1041 477 1284 516 manerium
1320 476 1504 516 reficere.
1580 476 1860 516 Examinatus

329 560 455 600 super
486 544 729 585 redditibus
763 545 808 581 et
837 541 979 582 valore
1011 541 1166 580 annuis
1197 541 1304 580 dicti
1339 538 1577 593 hospitalis,
1600 541 1717 580 -dieit
1747 541 1860 594 quod

327 609 458 650 habet
473 610 519 649 in
533 606 702 661 Rypon'
715 620 853 646 unum
863 605 1058 645 clausum
1074 605 1254 658 seperali
1269 602 1680 660 (sic)continentem
1693 605 1860 645 circiter

327 674 611 727 quadraginta
641 684 756 711 aeras
788 673 927 720 terrae,
948 669 1077 722 prati,
1101 672 1145 708 et
1166 668 1295 719 bossi‚
1317 667 1442 721 cujus
1463 668 1579 708 valor
1600 681 1677 722 per
1697 682 1860 708 annum

328 751 427 777 eum
460 737 554 776 aliis
588 736 716 775 terris
746 733 1045 787 adjacentibus
1078 746 1122 772 se
1153 732 1351 772 extendit
1380 732 1434 772 ad
1466 733 1655 786 quinque
1685 746 1860 772 marcas.

328 801 443 841 Item
464 800 598 840 habet
619 799 815 839 redditus
837 798 883 837 in
904 796 1006 837 villa
1027 795 1194 849 Rypon’
1208 796 1260 836 ad
1284 810 1497 836 summam
1519 810 1590 836 sex
1611 810 1860 837 marcarum.

326 866 442 905 Item
462 863 596 905 habet
616 862 731 916 apud
753 859 1017 902 Moulewath
1050 874 1243 900 annuum
1273 860 1494 900 redditum
1517 874 1589 900 sex
1610 874 1862 901 marcarum.

327 930 444 969 Item
466 928 579 982 apud
602 927 776 967 Ilketon
798 926 850 965 ad
873 938 1087 965 summam
1108 927 1293 978 quatuor
1313 938 1552 964 marcarum
1572 938 1702 965 nunc.
1745 925 1860 964 Item

328 993 443 1047 apud
465 992 643 1045 Stodlay
663 991 832 1031 noviter
854 989 1142 1042 adquaesitum
1172 987 1304 1028 habet
1334 1002 1528 1048 annuum
1548 988 1768 1028 redditum
1791 1002 1863 1029 sex

327 1070 583 1097 marcarum.
646 1055 702 1094 Et
741 1054 848 1095 dicit
878 1053 992 1107 quod
1022 1053 1127 1093 licet
1166 1052 1362 1093 redditus
1402 1053 1477 1092 isti
1512 1053 1638 1106 pauci
1680 1053 1768 1092 sint
1808 1053 1862 1093 ad

329 1121 694 1161 sustentacionem
734 1118 925 1171 plurium
966 1130 1094 1170 quam
1129 1120 1314 1170 quatuor
1350 1117 1633 1167 sacerdotum,
1669 1119 1862 1157 attamen

328 1185 608 1239 diligenciam
640 1196 768 1236 quam
790 1182 935 1235 potuit
955 1181 1059 1221 fecit
1090 1184 1142 1221 ut
1172 1179 1350 1221 haberet
1371 1181 1478 1221 duos
1498 1181 1601 1220 alios
1622 1181 1861 1234 capellanos

328 1250 374 1289 in
419 1249 534 1289 dicto
584 1246 788 1300 hospitali
828 1245 1108 1296 celebrantes,
1149 1258 1236 1285 non
1276 1248 1424 1284 tamen
1473 1245 1617 1298 potuit
1667 1245 1860 1285 invenire

328 1313 492 1366 aliquos
525 1310 763 1364 capellanos
799 1308 1002 1349 honestos
1039 1312 1084 1348 et
1116 1308 1249 1349 abiles
1281 1308 1332 1348 ad
1365 1307 1573 1362 hospitale
1606 1309 1861 1362 praedictum

323 1377 450 1430 juxta
482 1378 643 1415 statum
676 1373 872 1427 ejusdem
904 1376 955 1413 ut
985 1372 1104 1412 dicit.
1178 1373 1297 1412 Dicit
1338 1373 1472 1412 eciam
1514 1372 1627 1425 quod
1667 1373 1720 1412 ad
1753 1372 1862 1413 illud

328 1439 539 1493 hospitale
580 1438 772 1492 pertinet
812 1437 1000 1489 recipere
1044 1440 1088 1476 et
1128 1434 1284 1476 habere
1326 1437 1478 1490 garbas
1514 1439 1681 1476 vocatas
1718 1437 1862 1477 Beatae

329 1503 479 1543 Mariae
500 1501 769 1556 Magdalenae
790 1499 956 1553 Rypon’
977 1499 1089 1540 infra
1119 1500 1364 1540 libertatem
1387 1500 1580 1554 ejusdem
1602 1501 1655 1541 ad
1676 1501 1862 1541 valorem

329 1581 445 1607 nunc
476 1566 588 1620 viijs.
612 1568 656 1605 et
686 1568 870 1618 quatuor
901 1564 1188 1604 denariorum.
1249 1564 1364 1604 Item
1394 1565 1502 1605 dicit
1532 1565 1645 1617 quod
1667 1565 1862 1617 quaedam

330 1632 483 1671 domus
518 1643 612 1683 quae
648 1628 858 1669 aedificata
893 1628 978 1667 fuit
1007 1626 1134 1681 juxta
1169 1627 1380 1681 hospitale
1417 1628 1672 1682 praedietum
1712 1642 1861 1669 versus

331 1708 487 1748 aquam
509 1695 560 1734 de
583 1693 703 1733 Yorr'
724 1706 799 1746 pro
820 1692 995 1746 leprosis
1017 1690 1284 1745 hospitandis
1306 1692 1392 1732 fuit
1412 1692 1534 1732 valde
1559 1693 1733 1732 ruinosa
1761 1695 1805 1732 et
1836 1705 1861 1731 a

330 1758 407 1798 diu
440 1762 506 1799 est
537 1757 650 1811 quod
678 1756 833 1810 aliquis
861 1756 1053 1809 leprosus
1077 1755 1138 1795 ibi
1170 1757 1386 1807 extiterat,
1424 1759 1468 1796 et
1503 1757 1595 1810 ipse
1630 1757 1861 1810 prostravit

329 1821 490 1862 dictam
512 1822 688 1861 domum
702 1823 746 1860 et
759 1820 811 1860 de
828 1820 1034 1860 meremio
1047 1819 1164 1859 illius
1181 1820 1406 1860 aedificavit
1422 1821 1635 1873 quandam
1649 1833 1860 1860 eameram

330 1885 442 1925 infra
462 1886 627 1925 dictum
649 1883 860 1938 hospitale
879 1900 888 1925 :
922 1885 1046 1938 plura
1067 1884 1135 1924 vel
1155 1884 1282 1924 aliter
1302 1885 1441 1924 nescit
1462 1885 1603 1924 dicere
1625 1888 1676 1924 ut
1697 1885 1815 1924 dicit.

98 1962 258 1992 Evidence
398 1950 533 1989 'Item
574 1950 621 1989 in
662 1949 777 1988 dicta
808 1949 1058 1988 visitacione
1092 1951 1360 2002 compertum
1402 1951 1467 1988 est
1507 1962 1582 2002 per
1623 1948 1860 2001 capellanos

97 2003 269 2079 ‘c’iisi'ssleaina
324 2012 490 2067 juratos
523 2014 628 2053 dicti
659 2012 884 2066 hospitalis
915 2012 1029 2066 quod
1050 2013 1096 2052 in
1128 2012 1242 2052 dicto
1273 2011 1474 2066 hospitali
1505 2026 1590 2052 non
1623 2015 1689 2052 est
1719 2012 1861 2065 aliqua

329 2078 528 2117 fundacio
559 2078 604 2117 in
637 2078 781 2130 script.
815 2080 881 2117 set
911 2077 1025 2130 quod
1046 2076 1099 2116 ab
1130 2077 1307 2129 antiquo
1329 2077 1487 2116 dicitur
1508 2074 1663 2131 (quod)
1684 2076 1861 2116 fuerunt

330 2142 374 2181 in
403 2142 516 2182 dicto
537 2140 743 2194 hospitali
763 2140 916 2180 fratres
940 2143 984 2180 et
1013 2153 1172 2180 sorores
1203 2140 1348 2193 quales
1378 2154 1465 2180 non
1498 2143 1598 2180 sunt
1628 2140 1688 2180 ibi
1719 2140 1859 2190 modo,

332 2206 404 2246 sed
427 2205 603 2259 quidam
635 2207 778 2245 eustos
800 2204 1044 2257 capellanus
1077 2207 1122 2243 et
1151 2206 1238 2244 tres
1269 2204 1476 2257 capellani
1510 2204 1588 2244 sub
1620 2218 1681 2244 eo.
1743 2205 1858 2244 Item

330 2274 600 2323 compertum
642 2271 707 2310 est
750 2269 863 2322 quod
909 2269 955 2308 in
997 2268 1110 2308 dicto
1149 2267 1351 2322 hospitali
1392 2269 1599 2308 deberent
1638 2281 1730 2308 esse
1771 2271 1859 2307 tres

332 2334 568 2374 sacerdotes
599 2333 755 2373 Divina
785 2332 1064 2382 celebranteS,
1086 2346 1198 2372 unus
1229 2332 1431 2372 videlicet
1461 2346 1536 2386 pro
1566 2333 1706 2382 terris,
1736 2336 1859 2372 tene-

331 2398 504 2447 mentis,
527 2401 571 2437 et
596 2397 837 2437 redditibus
869 2396 1047 2450 Rypon’,
1070 2396 1179 2436 alius
1210 2410 1285 2450 pro
1316 2397 1579 2436 tenementis
1607 2397 1660 2436 de
1691 2396 1858 2435 Moule-

331 2460 457 2510 wath,
494 2464 538 2500 et
578 2461 735 2500 tercius
767 2474 841 2513 pro
872 2461 1134 2500 tenementis
1174 2461 1219 2499 in
1262 2459 1448 2500 Ilketon.
1510 2461 1623 2500 Item
1658 2459 1731 2499 alii
1772 2462 1858 2499 tres

332 2523 568 2564 sacerdotes
590 2524 852 2563 celebrantes
875 2525 919 2564 in
941 2525 1056 2564 dicto
1072 2523 1274 2577 hospitali
1290 2537 1364 2577 pro
1385 2524 1509 2563 terris
1532 2527 1576 2563 et
1595 2523 1858 2563 tenementis

332 2591 376 2630 in
411 2589 709 2643 Stodlayroger
739 2590 907 2629 noviter
937 2591 1197 2643 adquzesitis.
1259 2590 1385 2630 Nunc
1416 2593 1561 2629 tamen
1583 2603 1667 2629 non
1691 2589 1858 2629 suntin

331 2654 446 2693 dicto
471 2652 671 2706 hospitali
703 2654 787 2692 nisi
818 2656 903 2693 tres
936 2654 1143 2707 capellani
1175 2654 1437 2694 celebrantes
1460 2654 1629 2703 Divina,
1651 2656 1697 2692 et
1717 2653 1857 2692 dictus

332 2721 476 2757 eustos
510 2720 576 2757 est
607 2720 784 2770 quartus
817 2718 1076 2771 capellanus,
1110 2718 1182 2757 sed
1204 2731 1289 2758 non
1321 2717 1506 2758 celebrat
1536 2721 1587 2757 ut
1617 2717 1782 2766 dicunt,
1814 2719 1858 2756 et

332 2785 398 2819 est
426 2782 711 2820 communiter
738 2780 889 2820 absens
921 2795 945 2820 a
976 2781 1091 2821 dicto
1122 2780 1323 2834 hospitali
1354 2795 1428 2834 per
1459 2794 1659 2834 magnam
1690 2782 1856 2833 partem

331 2845 446 2884 anni.
508 2845 622 2884 Item
655 2844 795 2883 dictus
828 2847 971 2884 custos
1003 2845 1158 2884 elamat
1189 2843 1344 2884 habere
1377 2844 1542 2884 dictum
1573 2843 1780 2897 hospitale
1802 2843 1855 2882 ad

332 2908 567 2947 terminum
600 2909 699 2947 vitae
734 2921 834 2958 suaa,
867 2911 911 2948 et
936 2911 1081 2948 tamen
1114 2911 1383 2962 compertum
1420 2911 1486 2948 est
1521 2908 1633 2961 quod
1670 2921 1754 2946 non
1791 2910 1856 2947 est
