<?xml version="1.0" encoding="UTF-8"?>
<!DOCTYPE html PUBLIC "-//W3C//DTD XHTML 1.0 Transitional//EN"
    "http://www.w3.org/TR/xhtml1/DTD/xhtml1-transitional.dtd">
<html xmlns="http://www.w3.org/1999/xhtml" xml:lang="en" lang="en">
 <head>
  <title>
</title>
<meta http-equiv="Content-Type" content="text/html;charset=utf-8" />
  <meta name='ocr-system' content='tesseract 3.04.00' />
  <meta name='ocr-capabilities' content='ocr_page ocr_carea ocr_par ocr_line ocrx_word'/>
</head>
<body>
  <div class='ocr_page' id='page_1' title='image "./memorialsofchurc01fowl/memorialsofchurc01fowl_0150.png"; bbox 0 0 1955 3068; ppageno 0'>
   <div class='ocr_carea' id='block_1_1' title="bbox 124 151 218 198">
    <p class='ocr_par' dir='ltr' id='par_1_1' title="bbox 124 151 218 198">
     <span class='ocr_line' id='line_1_1' title="bbox 124 151 218 198; baseline 0 0"><span class='ocrx_word' id='word_1_1' title='bbox 124 151 218 198; x_wconf 81' lang='lat'>128</span> 
     </span>
    </p>
   </div>
   <div class='ocr_carea' id='block_1_2' title="bbox 117 542 263 574">
    <p class='ocr_par' dir='ltr' id='par_1_2' title="bbox 117 542 263 574">
     <span class='ocr_line' id='line_1_2' title="bbox 117 542 263 574; baseline 0.007 -2"><span class='ocrx_word' id='word_1_2' title='bbox 117 542 191 573; x_wconf 85' lang='lat' dir='ltr'>Mar</span> <span class='ocrx_word' id='word_1_3' title='bbox 215 544 263 574; x_wconf 81' lang='lat'>28.</span> 
     </span>
    </p>
   </div>
   <div class='ocr_carea' id='block_1_3' title="bbox 111 1196 284 1226">
    <p class='ocr_par' dir='ltr' id='par_1_3' title="bbox 111 1196 284 1226">
     <span class='ocr_line' id='line_1_3' title="bbox 111 1196 284 1226; baseline 0.012 -2"><span class='ocrx_word' id='word_1_4' title='bbox 111 1203 181 1224; x_wconf 56' lang='grc' dir='ltr'>ΑΛ).</span> <span class='ocrx_word' id='word_1_5' title='bbox 198 1196 284 1226; x_wconf 88' lang='lat'>1515.</span> 
     </span>
    </p>
   </div>
   <div class='ocr_carea' id='block_1_4' title="bbox 110 1256 301 1484">
    <p class='ocr_par' dir='ltr' id='par_1_4' title="bbox 110 1256 301 1484">
     <span class='ocr_line' id='line_1_4' title="bbox 112 1256 261 1287; baseline 0.013 -2"><span class='ocrx_word' id='word_1_6' title='bbox 112 1256 261 1287; x_wconf 78' lang='lat' dir='ltr'>Between</span> 
     </span>
     <span class='ocr_line' id='line_1_5' title="bbox 111 1296 251 1326; baseline 0.007 -1"><span class='ocrx_word' id='word_1_7' title='bbox 111 1296 251 1326; x_wconf 82' lang='lat' dir='ltr'><strong>Thomas</strong></span> 
     </span>
     <span class='ocr_line' id='line_1_6' title="bbox 111 1334 263 1366; baseline 0.013 -2"><span class='ocrx_word' id='word_1_8' title='bbox 111 1334 263 1366; x_wconf 82' lang='lat' dir='ltr'>Bakhous</span> 
     </span>
     <span class='ocr_line' id='line_1_7' title="bbox 113 1376 246 1405; baseline 0.015 -2"><span class='ocrx_word' id='word_1_9' title='bbox 113 1376 177 1404; x_wconf 86' lang='lat' dir='ltr'>and</span> <span class='ocrx_word' id='word_1_10' title='bbox 192 1377 246 1405; x_wconf 86' lang='lat' dir='ltr'>the</span> 
     </span>
     <span class='ocr_line' id='line_1_8' title="bbox 111 1419 241 1451; baseline 0.015 -9"><span class='ocrx_word' id='word_1_11' title='bbox 111 1419 241 1451; x_wconf 80' lang='lat' dir='ltr'>provost</span> 
     </span>
     <span class='ocr_line' id='line_1_9' title="bbox 110 1454 301 1484; baseline 0.01 -2"><span class='ocrx_word' id='word_1_12' title='bbox 110 1454 173 1482; x_wconf 83' lang='lat' dir='ltr'>aud</span> <span class='ocrx_word' id='word_1_13' title='bbox 186 1455 301 1484; x_wconf 84' lang='lat' dir='ltr'>vicars.</span> 
     </span>
    </p>
   </div>
   <div class='ocr_carea' id='block_1_5' title="bbox 108 1770 302 2045">
    <p class='ocr_par' dir='ltr' id='par_1_5' title="bbox 108 1770 302 2045">
     <span class='ocr_line' id='line_1_10' title="bbox 108 1770 177 1799; baseline 0 0"><span class='ocrx_word' id='word_1_14' title='bbox 108 1770 177 1799; x_wconf 86' lang='lat' dir='ltr'>The</span> 
     </span>
     <span class='ocr_line' id='line_1_11' title="bbox 109 1808 299 1840; baseline 0.005 -1"><span class='ocrx_word' id='word_1_15' title='bbox 109 1811 243 1840; x_wconf 81' lang='lat' dir='ltr'>founder</span> <span class='ocrx_word' id='word_1_16' title='bbox 296 1808 299 1811; x_wconf 82' lang='grc'><strong>’</strong></span> 
     </span>
     <span class='ocr_line' id='line_1_12' title="bbox 109 1851 251 1887; baseline 0.007 -9"><span class='ocrx_word' id='word_1_17' title='bbox 109 1851 204 1887; x_wconf 60' lang='lat' dir='ltr'>give&gt;</span> <span class='ocrx_word' id='word_1_18' title='bbox 216 1852 251 1879; x_wconf 90' lang='lat'>10</span> 
     </span>
     <span class='ocr_line' id='line_1_13' title="bbox 108 1890 279 1919; baseline 0.006 -1"><span class='ocrx_word' id='word_1_19' title='bbox 108 1891 218 1918; x_wconf 66' lang='lat' dir='ltr'>mark&gt;</span> <span class='ocrx_word' id='word_1_20' title='bbox 233 1890 279 1919; x_wconf 87' lang='lat' dir='ltr'>for</span> 
     </span>
     <span class='ocr_line' id='line_1_14' title="bbox 108 1929 302 1967; baseline 0.005 -10"><span class='ocrx_word' id='word_1_21' title='bbox 108 1929 164 1958; x_wconf 85' lang='lat' dir='ltr'>the</span> <span class='ocrx_word' id='word_1_22' title='bbox 185 1929 302 1967; x_wconf 59' lang='lat' dir='ltr'>repairs</span> 
     </span>
     <span class='ocr_line' id='line_1_15' title="bbox 108 1969 301 1998; baseline 0.016 -3"><span class='ocrx_word' id='word_1_23' title='bbox 108 1974 137 1996; x_wconf 71' lang='grc' dir='ltr'>οι</span> <span class='ocrx_word' id='word_1_24' title='bbox 165 1969 218 1997; x_wconf 77' lang='lat' dir='ltr'>the</span> <span class='ocrx_word' id='word_1_25' title='bbox 232 1978 301 1998; x_wconf 87' lang='lat' dir='ltr'>new</span> 
     </span>
     <span class='ocr_line' id='line_1_16' title="bbox 108 2008 244 2045; baseline -0.015 -7"><span class='ocrx_word' id='word_1_26' title='bbox 108 2008 244 2045; x_wconf 83' lang='lat' dir='ltr'>Bedern,</span> 
     </span>
    </p>
   </div>
   <div class='ocr_carea' id='block_1_6' title="bbox 106 2289 294 2552">
    <p class='ocr_par' dir='ltr' id='par_1_6' title="bbox 106 2289 294 2552">
     <span class='ocr_line' id='line_1_17' title="bbox 107 2289 294 2319; baseline 0.016 -3"><span class='ocrx_word' id='word_1_27' title='bbox 107 2289 155 2317; x_wconf 78' lang='lat' dir='ltr'>for</span> <span class='ocrx_word' id='word_1_28' title='bbox 171 2299 210 2318; x_wconf 79' lang='lat' dir='ltr'>nn</span> <span class='ocrx_word' id='word_1_29' title='bbox 225 2290 294 2319; x_wconf 81' lang='lat' dir='ltr'>obit</span> 
     </span>
     <span class='ocr_line' id='line_1_18' title="bbox 107 2329 220 2357; baseline -0.009 -1"><span class='ocrx_word' id='word_1_30' title='bbox 107 2329 155 2356; x_wconf 83' lang='lat' dir='ltr'>for</span> <span class='ocrx_word' id='word_1_31' title='bbox 171 2329 220 2357; x_wconf 77' lang='lat' dir='ltr'>his</span> 
     </span>
     <span class='ocr_line' id='line_1_19' title="bbox 108 2372 248 2404; baseline 0.014 -10"><span class='ocrx_word' id='word_1_32' title='bbox 108 2372 248 2404; x_wconf 75' lang='lat' dir='ltr'>parents,</span> 
     </span>
     <span class='ocr_line' id='line_1_20' title="bbox 106 2407 230 2435; baseline 0.008 -1"><span class='ocrx_word' id='word_1_33' title='bbox 106 2408 167 2435; x_wconf 83' lang='lat' dir='ltr'>and</span> <span class='ocrx_word' id='word_1_34' title='bbox 183 2407 230 2435; x_wconf 79' lang='lat' dir='ltr'>for</span> 
     </span>
     <span class='ocr_line' id='line_1_21' title="bbox 108 2445 237 2474; baseline 0.008 -1"><span class='ocrx_word' id='word_1_35' title='bbox 108 2445 237 2474; x_wconf 70' lang='lat' dir='ltr'>himself</span> 
     </span>
     <span class='ocr_line' id='line_1_22' title="bbox 107 2485 252 2515; baseline 0.028 -4"><span class='ocrx_word' id='word_1_36' title='bbox 107 2485 198 2513; x_wconf 79' lang='lat' dir='ltr'>when</span> <span class='ocrx_word' id='word_1_37' title='bbox 215 2486 252 2515; x_wconf 84' lang='lat' dir='ltr'>he</span> 
     </span>
     <span class='ocr_line' id='line_1_23' title="bbox 108 2524 185 2552; baseline 0.013 -1"><span class='ocrx_word' id='word_1_38' title='bbox 108 2524 185 2552; x_wconf 82' lang='lat' dir='ltr'>dies.</span> 
     </span>
    </p>
   </div>
   <div class='ocr_carea' id='block_1_7' title="bbox 107 2605 260 2761">
    <p class='ocr_par' dir='ltr' id='par_1_7' title="bbox 107 2605 260 2761">
     <span class='ocr_line' id='line_1_24' title="bbox 107 2605 260 2636; baseline 0.013 -2"><span class='ocrx_word' id='word_1_39' title='bbox 107 2605 152 2634; x_wconf 86' lang='lat' dir='ltr'>To</span> <span class='ocrx_word' id='word_1_40' title='bbox 169 2606 205 2635; x_wconf 78' lang='lat' dir='ltr'>be</span> <span class='ocrx_word' id='word_1_41' title='bbox 221 2616 260 2636; x_wconf 85' lang='lat' dir='ltr'>on</span> 
     </span>
     <span class='ocr_line' id='line_1_25' title="bbox 108 2644 234 2681; baseline 0.016 -8"><span class='ocrx_word' id='word_1_42' title='bbox 108 2644 190 2673; x_wconf 67' lang='lat' dir='ltr'>Mar.</span> <span class='ocrx_word' id='word_1_43' title='bbox 206 2648 234 2681; x_wconf 88' lang='lat'>3,</span> 
     </span>
     <span class='ocr_line' id='line_1_26' title="bbox 108 2684 185 2712; baseline 0.026 -2"><span class='ocrx_word' id='word_1_44' title='bbox 108 2684 185 2712; x_wconf 85' lang='lat' dir='ltr'>with</span> 
     </span>
     <span class='ocr_line' id='line_1_27' title="bbox 107 2721 251 2761; baseline 0.007 -10"><span class='ocrx_word' id='word_1_45' title='bbox 107 2721 251 2761; x_wconf 70' lang='lat' dir='ltr'>maccho,</span> 
     </span>
    </p>
   </div>
   <div class='ocr_carea' id='block_1_8' title="bbox 835 167 1399 201">
    <p class='ocr_par' dir='ltr' id='par_1_8' title="bbox 835 167 1399 201">
     <span class='ocr_line' id='line_1_28' title="bbox 835 167 1399 201; baseline 0 -2"><span class='ocrx_word' id='word_1_46' title='bbox 835 167 1112 200; x_wconf 82' lang='lat' dir='ltr'>MEMORIALS</span> <span class='ocrx_word' id='word_1_47' title='bbox 1146 167 1204 200; x_wconf 90' lang='lat' dir='ltr'>OF</span> <span class='ocrx_word' id='word_1_48' title='bbox 1241 168 1399 201; x_wconf 74' lang='lat' dir='ltr'>RIPON.</span> 
     </span>
    </p>
   </div>
   <div class='ocr_carea' id='block_1_9' title="bbox 348 276 1886 895">
    <p class='ocr_par' dir='ltr' id='par_1_9' title="bbox 348 276 1886 781">
     <span class='ocr_line' id='line_1_29' title="bbox 353 276 1886 328; baseline 0.003 -13"><span class='ocrx_word' id='word_1_49' title='bbox 353 276 549 328; x_wconf 84' lang='lat' dir='ltr'>diceioni‚</span> <span class='ocrx_word' id='word_1_50' title='bbox 566 280 819 319; x_wconf 87' lang='lat' dir='ltr'>correccioni</span> <span class='ocrx_word' id='word_1_51' title='bbox 841 283 886 319; x_wconf 81' lang='lat' dir='ltr'>et</span> <span class='ocrx_word' id='word_1_52' title='bbox 907 279 1167 319; x_wconf 77' lang='lat' dir='ltr'>obedienciae</span> <span class='ocrx_word' id='word_1_53' title='bbox 1184 280 1230 318; x_wconf 90' lang='lat' dir='ltr'>in</span> <span class='ocrx_word' id='word_1_54' title='bbox 1246 279 1445 319; x_wconf 87' lang='lat' dir='ltr'>omnibus</span> <span class='ocrx_word' id='word_1_55' title='bbox 1467 279 1597 319; x_wconf 86' lang='lat' dir='ltr'>licitis</span> <span class='ocrx_word' id='word_1_56' title='bbox 1611 283 1657 319; x_wconf 84' lang='lat' dir='ltr'>et</span> <span class='ocrx_word' id='word_1_57' title='bbox 1672 280 1886 319; x_wconf 86' lang='lat' dir='ltr'>canonicis</span> 
     </span>
     <span class='ocr_line' id='line_1_30' title="bbox 354 341 1885 395; baseline 0.002 -15"><span class='ocrx_word' id='word_1_58' title='bbox 354 341 602 394; x_wconf 81' lang='lat' dir='ltr'>subjaceant</span> <span class='ocrx_word' id='word_1_59' title='bbox 634 348 680 383; x_wconf 80' lang='lat' dir='ltr'>et</span> <span class='ocrx_word' id='word_1_60' title='bbox 709 343 941 384; x_wconf 76' lang='lat' dir='ltr'>intendant</span> <span class='ocrx_word' id='word_1_61' title='bbox 967 342 1095 395; x_wconf 80' lang='lat' dir='ltr'>juxta</span> <span class='ocrx_word' id='word_1_62' title='bbox 1125 343 1304 395; x_wconf 87' lang='lat' dir='ltr'>antiqua</span> <span class='ocrx_word' id='word_1_63' title='bbox 1334 343 1683 393; x_wconf 83' lang='lat' dir='ltr'>consuetudines,</span> <span class='ocrx_word' id='word_1_64' title='bbox 1714 343 1885 383; x_wconf 86' lang='lat' dir='ltr'>ordina-</span> 
     </span>
     <span class='ocr_line' id='line_1_31' title="bbox 352 405 1886 460; baseline 0.001 -16"><span class='ocrx_word' id='word_1_65' title='bbox 352 405 510 456; x_wconf 85' lang='lat' dir='ltr'>ciones,</span> <span class='ocrx_word' id='word_1_66' title='bbox 541 411 587 446; x_wconf 83' lang='lat' dir='ltr'>et</span> <span class='ocrx_word' id='word_1_67' title='bbox 619 411 784 446; x_wconf 81' lang='lat' dir='ltr'>statuta</span> <span class='ocrx_word' id='word_1_68' title='bbox 815 407 1069 460; x_wconf 83' lang='lat' dir='ltr'>supradicta,</span> <span class='ocrx_word' id='word_1_69' title='bbox 1100 407 1302 459; x_wconf 83' lang='lat' dir='ltr'>praesenti</span> <span class='ocrx_word' id='word_1_70' title='bbox 1333 407 1602 446; x_wconf 80' lang='lat' dir='ltr'>concessione</span> <span class='ocrx_word' id='word_1_71' title='bbox 1634 411 1779 446; x_wconf 79' lang='lat' dir='ltr'>nostra</span> <span class='ocrx_word' id='word_1_72' title='bbox 1803 421 1886 447; x_wconf 83' lang='lat' dir='ltr'>non</span> 
     </span>
     <span class='ocr_line' id='line_1_32' title="bbox 351 468 1885 524; baseline 0.002 -16"><span class='ocrx_word' id='word_1_73' title='bbox 351 468 563 511; x_wconf 86' lang='lat' dir='ltr'>obstante.</span> <span class='ocrx_word' id='word_1_74' title='bbox 626 471 679 510; x_wconf 91' lang='lat' dir='ltr'>In</span> <span class='ocrx_word' id='word_1_75' title='bbox 701 470 824 524; x_wconf 86' lang='lat' dir='ltr'>cujus</span> <span class='ocrx_word' id='word_1_76' title='bbox 846 472 909 510; x_wconf 88' lang='lat' dir='ltr'>rei</span> <span class='ocrx_word' id='word_1_77' title='bbox 930 471 1233 510; x_wconf 79' lang='lat' dir='ltr'>testimonium</span> <span class='ocrx_word' id='word_1_78' title='bbox 1247 469 1348 510; x_wconf 88' lang='lat' dir='ltr'>huie</span> <span class='ocrx_word' id='word_1_79' title='bbox 1369 471 1572 523; x_wconf 71' lang='lat' dir='ltr'>praesenti</span> <span class='ocrx_word' id='word_1_80' title='bbox 1589 474 1715 510; x_wconf 83' lang='lat' dir='ltr'>oartae</span> <span class='ocrx_word' id='word_1_81' title='bbox 1729 475 1885 511; x_wconf 84' lang='lat' dir='ltr'>nostrae</span> 
     </span>
     <span class='ocr_line' id='line_1_33' title="bbox 350 533 1885 588; baseline 0.002 -17"><span class='ocrx_word' id='word_1_82' title='bbox 350 533 541 586; x_wconf 87' lang='lat' dir='ltr'>sigillum</span> <span class='ocrx_word' id='word_1_83' title='bbox 572 538 767 574; x_wconf 79' lang='lat' dir='ltr'>nostrum</span> <span class='ocrx_word' id='word_1_84' title='bbox 797 535 1087 588; x_wconf 85' lang='lat' dir='ltr'>apposuimus.</span> <span class='ocrx_word' id='word_1_85' title='bbox 1148 534 1257 573; x_wconf 78' lang='lat' dir='ltr'>Data</span> <span class='ocrx_word' id='word_1_86' title='bbox 1287 534 1401 587; x_wconf 89' lang='lat' dir='ltr'>apud</span> <span class='ocrx_word' id='word_1_87' title='bbox 1431 534 1596 587; x_wconf 88' lang='lat' dir='ltr'>Rypon’</span> <span class='ocrx_word' id='word_1_88' title='bbox 1621 535 1885 588; x_wconf 71' lang='lat' dir='ltr'>praedictam,</span> 
     </span>
     <span class='ocr_line' id='line_1_34' title="bbox 349 598 1884 648; baseline 0.001 -11"><span class='ocrx_word' id='word_1_89' title='bbox 349 598 550 637; x_wconf 87' lang='lat' dir='ltr'>vicesimo</span> <span class='ocrx_word' id='word_1_90' title='bbox 591 602 738 638; x_wconf 83' lang='lat' dir='ltr'>octavo</span> <span class='ocrx_word' id='word_1_91' title='bbox 771 599 840 638; x_wconf 88' lang='lat' dir='ltr'>die</span> <span class='ocrx_word' id='word_1_92' title='bbox 882 598 1043 638; x_wconf 80' lang='lat' dir='ltr'>mensis</span> <span class='ocrx_word' id='word_1_93' title='bbox 1076 598 1245 648; x_wconf 81' lang='lat' dir='ltr'>Marcii,</span> <span class='ocrx_word' id='word_1_94' title='bbox 1277 599 1401 637; x_wconf 88' lang='lat' dir='ltr'>Anno</span> <span class='ocrx_word' id='word_1_95' title='bbox 1435 598 1608 638; x_wconf 87' lang='lat' dir='ltr'>Domini</span> <span class='ocrx_word' id='word_1_96' title='bbox 1650 598 1884 638; x_wconf 88' lang='lat' dir='ltr'>Millesimo</span> 
     </span>
     <span class='ocr_line' id='line_1_35' title="bbox 348 662 1883 716; baseline 0.001 -15"><span class='ocrx_word' id='word_1_97' title='bbox 348 662 775 715; x_wconf 85' lang='lat' dir='ltr'>quadringentesimo</span> <span class='ocrx_word' id='word_1_98' title='bbox 797 663 1132 716; x_wconf 79' lang='lat' dir='ltr'>quintodecimo,</span> <span class='ocrx_word' id='word_1_99' title='bbox 1154 666 1199 701; x_wconf 82' lang='lat' dir='ltr'>et</span> <span class='ocrx_word' id='word_1_100' title='bbox 1229 663 1353 715; x_wconf 86' lang='lat' dir='ltr'>regni</span> <span class='ocrx_word' id='word_1_101' title='bbox 1385 662 1497 716; x_wconf 90' lang='lat' dir='ltr'>regis</span> <span class='ocrx_word' id='word_1_102' title='bbox 1529 662 1709 702; x_wconf 86' lang='lat' dir='ltr'>Henrici</span> <span class='ocrx_word' id='word_1_103' title='bbox 1740 663 1883 716; x_wconf 87' lang='lat' dir='ltr'>quinti</span> 
     </span>
     <span class='ocr_line' id='line_1_36' title="bbox 348 725 1134 781; baseline 0 -16"><span class='ocrx_word' id='word_1_104' title='bbox 348 729 443 778; x_wconf 86' lang='lat' dir='ltr'>post</span> <span class='ocrx_word' id='word_1_105' title='bbox 465 730 760 779; x_wconf 85' lang='lat' dir='ltr'>conquaestum</span> <span class='ocrx_word' id='word_1_106' title='bbox 782 726 950 781; x_wconf 87' lang='lat' dir='ltr'>Angliae</span> <span class='ocrx_word' id='word_1_107' title='bbox 971 725 1134 766; x_wconf 78' lang='lat' dir='ltr'>tereio.¹</span> 
     </span>
    </p>

    <p class='ocr_par' dir='ltr' id='par_1_10' title="bbox 436 787 1050 844">
     <span class='ocr_line' id='line_1_37' title="bbox 436 787 1050 844; baseline 0 -14"><span class='ocrx_word' id='word_1_108' title='bbox 436 787 552 830; x_wconf 66' lang='lat' dir='ltr'>Fine</span> <span class='ocrx_word' id='word_1_109' title='bbox 573 788 663 830; x_wconf 75' lang='lat' dir='ltr'>seal</span> <span class='ocrx_word' id='word_1_110' title='bbox 685 789 736 844; x_wconf 91' lang='lat' dir='ltr'>of</span> <span class='ocrx_word' id='word_1_111' title='bbox 753 789 868 844; x_wconf 76' lang='lat' dir='ltr'>Abp.</span> <span class='ocrx_word' id='word_1_112' title='bbox 891 789 1050 830; x_wconf 75' lang='lat' dir='ltr'>Bowet.</span> 
     </span>
    </p>

    <p class='ocr_par' dir='ltr' id='par_1_11' title="bbox 436 853 890 895">
     <span class='ocr_line' id='line_1_38' title="bbox 436 853 890 895; baseline 0.004 -2"><span class='ocrx_word' id='word_1_113' title='bbox 436 853 796 895; x_wconf 70' lang='lat' dir='ltr'>Endorsed.——A.</span> <span class='ocrx_word' id='word_1_114' title='bbox 823 856 890 895; x_wconf 86' lang='lat'>13.</span> 
     </span>
    </p>
   </div>
   <div class='ocr_carea' id='block_1_10' title="bbox 348 960 1881 1143">
    <p class='ocr_par' dir='ltr' id='par_1_12' title="bbox 348 960 1881 1143">
     <span class='ocr_line' id='line_1_39' title="bbox 348 960 1881 1006; baseline 0.003 -12"><span class='ocrx_word' id='word_1_115' title='bbox 348 960 488 995; x_wconf 84' lang='lat' dir='ltr'>XLIII.</span> <span class='ocrx_word' id='word_1_116' title='bbox 508 961 837 997; x_wconf 78' lang='lat' dir='ltr'>FOUNDATION</span> <span class='ocrx_word' id='word_1_117' title='bbox 862 961 926 996; x_wconf 86' lang='lat' dir='ltr'>OF</span> <span class='ocrx_word' id='word_1_118' title='bbox 952 961 1024 996; x_wconf 82' lang='lat' dir='ltr'>AN</span> <span class='ocrx_word' id='word_1_119' title='bbox 1048 961 1161 996; x_wconf 89' lang='lat' dir='ltr'>OBIT</span> <span class='ocrx_word' id='word_1_120' title='bbox 1185 961 1253 996; x_wconf 87' lang='lat' dir='ltr'>BY</span> <span class='ocrx_word' id='word_1_121' title='bbox 1278 961 1388 997; x_wconf 88' lang='grc' dir='ltr'>ΤΗΟ.</span> <span class='ocrx_word' id='word_1_122' title='bbox 1409 962 1682 1006; x_wconf 78' lang='lat' dir='ltr'>BAKIIOWS,</span> <span class='ocrx_word' id='word_1_123' title='bbox 1699 962 1881 999; x_wconf 77' lang='lat' dir='ltr'>oANON.</span> 
     </span>
     <span class='ocr_line' id='line_1_40' title="bbox 881 1035 1353 1082; baseline 0 -12"><span class='ocrx_word' id='word_1_124' title='bbox 881 1037 1024 1082; x_wconf 76' lang='lat' dir='ltr'>(R1P0N</span> <span class='ocrx_word' id='word_1_125' title='bbox 1049 1035 1233 1071; x_wconf 64' lang='lat' dir='ltr'>CHffTER</span> <span class='ocrx_word' id='word_1_126' title='bbox 1258 1036 1353 1082; x_wconf 80' lang='lat' dir='ltr'>MS.)</span> 
     </span>
     <span class='ocr_line' id='line_1_41' title="bbox 675 1107 1549 1143; baseline 0.001 -1"><span class='ocrx_word' id='word_1_127' title='bbox 675 1107 1549 1143; x_wconf 80' lang='lat' dir='ltr'><strong>MRTBAKHOWSO</strong></span> 
     </span>
    </p>
   </div>
   <div class='ocr_carea' id='block_1_11' title="bbox 339 1184 1881 2772">
    <p class='ocr_par' dir='ltr' id='par_1_13' title="bbox 339 1184 1881 2772">
     <span class='ocr_line' id='line_1_42' title="bbox 435 1184 1881 1239; baseline 0.001 -15"><span class='ocrx_word' id='word_1_128' title='bbox 435 1184 538 1224; x_wconf 85' lang='lat' dir='ltr'>Haec</span> <span class='ocrx_word' id='word_1_129' title='bbox 559 1185 790 1225; x_wconf 83' lang='lat' dir='ltr'>indentura</span> <span class='ocrx_word' id='word_1_130' title='bbox 810 1185 1015 1238; x_wconf 86' lang='lat' dir='ltr'>bipartita</span> <span class='ocrx_word' id='word_1_131' title='bbox 1045 1198 1091 1223; x_wconf 86' lang='lat' dir='ltr'>ac</span> <span class='ocrx_word' id='word_1_132' title='bbox 1112 1184 1224 1224; x_wconf 83' lang='lat' dir='ltr'>facta</span> <span class='ocrx_word' id='word_1_133' title='bbox 1254 1185 1367 1224; x_wconf 87' lang='lat' dir='ltr'>inter</span> <span class='ocrx_word' id='word_1_134' title='bbox 1397 1185 1653 1239; x_wconf 85' lang='lat' dir='ltr'>magistrum</span> <span class='ocrx_word' id='word_1_135' title='bbox 1674 1184 1881 1226; x_wconf 84' lang='lat' dir='ltr'>Thomam</span> 
     </span>
     <span class='ocr_line' id='line_1_43' title="bbox 346 1247 1881 1303; baseline 0.001 -16"><span class='ocrx_word' id='word_1_136' title='bbox 346 1247 546 1289; x_wconf 82' lang='lat' dir='ltr'>Bakhous</span> <span class='ocrx_word' id='word_1_137' title='bbox 570 1250 824 1289; x_wconf 82' lang='lat' dir='ltr'>canonicum</span> <span class='ocrx_word' id='word_1_138' title='bbox 854 1263 902 1289; x_wconf 85' lang='lat' dir='ltr'>ac</span> <span class='ocrx_word' id='word_1_139' title='bbox 934 1253 1144 1289; x_wconf 81' lang='lat' dir='ltr'>rectorem</span> <span class='ocrx_word' id='word_1_140' title='bbox 1176 1249 1365 1288; x_wconf 81' lang='lat' dir='ltr'>ecelesiae</span> <span class='ocrx_word' id='word_1_141' title='bbox 1397 1249 1632 1303; x_wconf 73' lang='lat' dir='ltr'>collegiatae</span> <span class='ocrx_word' id='word_1_142' title='bbox 1655 1250 1881 1289; x_wconf 81' lang='lat' dir='ltr'>beatorum</span> 
     </span>
     <span class='ocr_line' id='line_1_44' title="bbox 344 1312 1880 1368; baseline 0.001 -17"><span class='ocrx_word' id='word_1_143' title='bbox 344 1312 465 1353; x_wconf 81' lang='lat' dir='ltr'>Petri</span> <span class='ocrx_word' id='word_1_144' title='bbox 482 1318 528 1354; x_wconf 81' lang='lat' dir='ltr'>et</span> <span class='ocrx_word' id='word_1_145' title='bbox 547 1314 732 1353; x_wconf 87' lang='lat' dir='ltr'>Wilfridi</span> <span class='ocrx_word' id='word_1_146' title='bbox 750 1314 944 1367; x_wconf 86' lang='lat' dir='ltr'>Riponiae</span> <span class='ocrx_word' id='word_1_147' title='bbox 967 1327 1018 1353; x_wconf 82' lang='lat' dir='ltr'>ex</span> <span class='ocrx_word' id='word_1_148' title='bbox 1039 1327 1126 1353; x_wconf 86' lang='lat' dir='ltr'>una</span> <span class='ocrx_word' id='word_1_149' title='bbox 1140 1317 1276 1366; x_wconf 84' lang='lat' dir='ltr'>parte,</span> <span class='ocrx_word' id='word_1_150' title='bbox 1294 1316 1339 1352; x_wconf 82' lang='lat' dir='ltr'>et</span> <span class='ocrx_word' id='word_1_151' title='bbox 1355 1313 1382 1353; x_wconf 88' lang='lat' dir='ltr'><strong>J</strong></span> <span class='ocrx_word' id='word_1_152' title='bbox 1385 1312 1599 1353; x_wconf 87' lang='lat' dir='ltr'>ohannem</span> <span class='ocrx_word' id='word_1_153' title='bbox 1617 1314 1880 1368; x_wconf 78' lang='lat' dir='ltr'>Haddylsay,</span> 
     </span>
     <span class='ocr_line' id='line_1_45' title="bbox 343 1376 1879 1430; baseline 0.001 -14"><span class='ocrx_word' id='word_1_154' title='bbox 343 1381 663 1429; x_wconf 80' lang='lat' dir='ltr'>procuratorem</span> <span class='ocrx_word' id='word_1_155' title='bbox 713 1391 832 1418; x_wconf 87' lang='lat' dir='ltr'>novae</span> <span class='ocrx_word' id='word_1_156' title='bbox 882 1378 1082 1418; x_wconf 82' lang='lat' dir='ltr'>bedernae</span> <span class='ocrx_word' id='word_1_157' title='bbox 1133 1377 1344 1430; x_wconf 86' lang='lat' dir='ltr'>Riponiae,</span> <span class='ocrx_word' id='word_1_158' title='bbox 1396 1376 1605 1417; x_wconf 83' lang='lat' dir='ltr'>Thomam</span> <span class='ocrx_word' id='word_1_159' title='bbox 1648 1378 1879 1428; x_wconf 83' lang='lat' dir='ltr'>Herreson‚</span> 
     </span>
     <span class='ocr_line' id='line_1_46' title="bbox 344 1440 1880 1494; baseline 0.001 -14"><span class='ocrx_word' id='word_1_160' title='bbox 344 1440 372 1481; x_wconf 90' lang='lat' dir='ltr'><strong>J</strong></span> <span class='ocrx_word' id='word_1_161' title='bbox 374 1440 587 1481; x_wconf 83' lang='lat' dir='ltr'>ohannem</span> <span class='ocrx_word' id='word_1_162' title='bbox 609 1442 724 1491; x_wconf 85' lang='lat' dir='ltr'>Hall,</span> <span class='ocrx_word' id='word_1_163' title='bbox 746 1443 983 1482; x_wconf 87' lang='lat' dir='ltr'>Henricum</span> <span class='ocrx_word' id='word_1_164' title='bbox 1006 1441 1176 1492; x_wconf 78' lang='lat' dir='ltr'>Crosbe,</span> <span class='ocrx_word' id='word_1_165' title='bbox 1199 1441 1467 1481; x_wconf 80' lang='lat' dir='ltr'>willelmum</span> <span class='ocrx_word' id='word_1_166' title='bbox 1482 1441 1627 1494; x_wconf 82' lang='lat' dir='ltr'>Peyke</span> <span class='ocrx_word' id='word_1_167' title='bbox 1651 1446 1696 1481; x_wconf 83' lang='lat' dir='ltr'>et</span> <span class='ocrx_word' id='word_1_168' title='bbox 1718 1441 1880 1482; x_wconf 88' lang='lat' dir='ltr'>Johan-</span> 
     </span>
     <span class='ocr_line' id='line_1_47' title="bbox 343 1505 1879 1555; baseline 0.001 -12"><span class='ocrx_word' id='word_1_169' title='bbox 343 1518 445 1544; x_wconf 90' lang='lat' dir='ltr'>nem</span> <span class='ocrx_word' id='word_1_170' title='bbox 487 1505 639 1546; x_wconf 87' lang='lat' dir='ltr'>Carver</span> <span class='ocrx_word' id='word_1_171' title='bbox 670 1506 772 1546; x_wconf 86' lang='lat' dir='ltr'>alias</span> <span class='ocrx_word' id='word_1_172' title='bbox 803 1506 971 1546; x_wconf 87' lang='lat' dir='ltr'>dictum</span> <span class='ocrx_word' id='word_1_173' title='bbox 1003 1505 1280 1555; x_wconf 88' lang='lat' dir='ltr'>Brounfleitt,</span> <span class='ocrx_word' id='word_1_174' title='bbox 1313 1505 1490 1545; x_wconf 81' lang='lat' dir='ltr'>vicarios</span> <span class='ocrx_word' id='word_1_175' title='bbox 1523 1505 1710 1545; x_wconf 85' lang='lat' dir='ltr'>eeclesiae</span> <span class='ocrx_word' id='word_1_176' title='bbox 1751 1506 1879 1545; x_wconf 89' lang='lat' dir='ltr'>colle-</span> 
     </span>
     <span class='ocr_line' id='line_1_48' title="bbox 343 1569 1879 1623; baseline 0.001 -14"><span class='ocrx_word' id='word_1_177' title='bbox 343 1570 470 1623; x_wconf 81' lang='lat' dir='ltr'>giatae</span> <span class='ocrx_word' id='word_1_178' title='bbox 492 1571 707 1623; x_wconf 84' lang='lat' dir='ltr'>praedictae</span> <span class='ocrx_word' id='word_1_179' title='bbox 733 1585 785 1610; x_wconf 82' lang='lat' dir='ltr'>ex</span> <span class='ocrx_word' id='word_1_180' title='bbox 815 1571 949 1610; x_wconf 84' lang='lat' dir='ltr'>altera</span> <span class='ocrx_word' id='word_1_181' title='bbox 980 1574 1117 1623; x_wconf 86' lang='lat' dir='ltr'>parte,</span> <span class='ocrx_word' id='word_1_182' title='bbox 1150 1573 1338 1609; x_wconf 77' lang='lat' dir='ltr'>testatur</span> <span class='ocrx_word' id='word_1_183' title='bbox 1370 1570 1483 1623; x_wconf 92' lang='lat' dir='ltr'>quod</span> <span class='ocrx_word' id='word_1_184' title='bbox 1515 1569 1708 1622; x_wconf 78' lang='lat' dir='ltr'>praedicti</span> <span class='ocrx_word' id='word_1_185' title='bbox 1732 1571 1879 1610; x_wconf 83' lang='lat' dir='ltr'>vicarii</span> 
     </span>
     <span class='ocr_line' id='line_1_49' title="bbox 340 1634 1878 1688; baseline 0.001 -15"><span class='ocrx_word' id='word_1_186' title='bbox 340 1639 645 1674; x_wconf 83' lang='lat' dir='ltr'>concesserunt</span> <span class='ocrx_word' id='word_1_187' title='bbox 666 1649 741 1688; x_wconf 91' lang='lat' dir='ltr'>pro</span> <span class='ocrx_word' id='word_1_188' title='bbox 764 1649 807 1675; x_wconf 88' lang='lat' dir='ltr'>se</span> <span class='ocrx_word' id='word_1_189' title='bbox 830 1638 874 1674; x_wconf 79' lang='lat' dir='ltr'>et.</span> <span class='ocrx_word' id='word_1_190' title='bbox 897 1634 1210 1674; x_wconf 89' lang='lat' dir='ltr'>suecessoribus</span> <span class='ocrx_word' id='word_1_191' title='bbox 1233 1634 1320 1673; x_wconf 89' lang='lat' dir='ltr'>suis</span> <span class='ocrx_word' id='word_1_192' title='bbox 1341 1634 1679 1687; x_wconf 75' lang='lat' dir='ltr'>imperpetuum,</span> <span class='ocrx_word' id='word_1_193' title='bbox 1701 1634 1878 1686; x_wconf 75' lang='lat' dir='ltr'>praefato</span> 
     </span>
     <span class='ocr_line' id='line_1_50' title="bbox 342 1697 1876 1752; baseline 0.001 -15"><span class='ocrx_word' id='word_1_194' title='bbox 342 1699 547 1752; x_wconf 83' lang='lat' dir='ltr'>magistro</span> <span class='ocrx_word' id='word_1_195' title='bbox 587 1698 761 1739; x_wconf 83' lang='lat' dir='ltr'>Thomae</span> <span class='ocrx_word' id='word_1_196' title='bbox 813 1697 1014 1738; x_wconf 85' lang='lat' dir='ltr'>Bakhous</span> <span class='ocrx_word' id='word_1_197' title='bbox 1057 1702 1101 1738; x_wconf 85' lang='lat' dir='ltr'>et</span> <span class='ocrx_word' id='word_1_198' title='bbox 1152 1698 1342 1750; x_wconf 83' lang='lat' dir='ltr'>capitulo</span> <span class='ocrx_word' id='word_1_199' title='bbox 1383 1698 1608 1737; x_wconf 87' lang='lat' dir='ltr'>beatorum</span> <span class='ocrx_word' id='word_1_200' title='bbox 1660 1698 1780 1737; x_wconf 85' lang='lat' dir='ltr'>Petri</span> <span class='ocrx_word' id='word_1_201' title='bbox 1831 1701 1876 1738; x_wconf 90' lang='lat' dir='ltr'>et</span> 
     </span>
     <span class='ocr_line' id='line_1_51' title="bbox 342 1762 1876 1816; baseline 0.001 -16"><span class='ocrx_word' id='word_1_202' title='bbox 342 1762 527 1802; x_wconf 77' lang='lat' dir='ltr'>wilfridi</span> <span class='ocrx_word' id='word_1_203' title='bbox 570 1763 731 1803; x_wconf 85' lang='lat' dir='ltr'>ibidem</span> <span class='ocrx_word' id='word_1_204' title='bbox 767 1764 986 1816; x_wconf 82' lang='lat' dir='ltr'>perpetuis</span> <span class='ocrx_word' id='word_1_205' title='bbox 1028 1762 1294 1816; x_wconf 72' lang='lat' dir='ltr'>temporibus</span> <span class='ocrx_word' id='word_1_206' title='bbox 1332 1762 1549 1812; x_wconf 81' lang='lat' dir='ltr'>duraturo,</span> <span class='ocrx_word' id='word_1_207' title='bbox 1581 1775 1658 1815; x_wconf 87' lang='lat' dir='ltr'>pro</span> <span class='ocrx_word' id='word_1_208' title='bbox 1693 1762 1876 1815; x_wconf 81' lang='lat' dir='ltr'>quadam</span> 
     </span>
     <span class='ocr_line' id='line_1_52' title="bbox 343 1825 1877 1880; baseline 0 -14"><span class='ocrx_word' id='word_1_209' title='bbox 343 1840 511 1866; x_wconf 84' lang='lat' dir='ltr'>summa</span> <span class='ocrx_word' id='word_1_210' title='bbox 524 1828 730 1880; x_wconf 67' lang='lat' dir='ltr'>pecuniae,</span> <span class='ocrx_word' id='word_1_211' title='bbox 748 1827 952 1867; x_wconf 83' lang='lat' dir='ltr'>videlieet</span> <span class='ocrx_word' id='word_1_212' title='bbox 968 1827 1118 1866; x_wconf 89' lang='lat' dir='ltr'>decem</span> <span class='ocrx_word' id='word_1_213' title='bbox 1134 1840 1389 1877; x_wconf 84' lang='lat' dir='ltr'>marcarum,</span> <span class='ocrx_word' id='word_1_214' title='bbox 1407 1825 1596 1879; x_wconf 76' lang='lat' dir='ltr'>praefatis</span> <span class='ocrx_word' id='word_1_215' title='bbox 1613 1827 1780 1865; x_wconf 86' lang='lat' dir='ltr'>vicariis</span> <span class='ocrx_word' id='word_1_216' title='bbox 1801 1840 1877 1879; x_wconf 89' lang='lat' dir='ltr'>per</span> 
     </span>
     <span class='ocr_line' id='line_1_53' title="bbox 342 1888 1876 1945; baseline 0 -15"><span class='ocrx_word' id='word_1_217' title='bbox 342 1891 569 1944; x_wconf 61' lang='lat' dir='ltr'>praefatum</span> <span class='ocrx_word' id='word_1_218' title='bbox 591 1892 848 1945; x_wconf 86' lang='lat' dir='ltr'>magistrum</span> <span class='ocrx_word' id='word_1_219' title='bbox 870 1889 1079 1930; x_wconf 86' lang='lat' dir='ltr'>Thomam</span> <span class='ocrx_word' id='word_1_220' title='bbox 1112 1888 1313 1929; x_wconf 85' lang='lat' dir='ltr'>Bakhous</span> <span class='ocrx_word' id='word_1_221' title='bbox 1345 1890 1445 1929; x_wconf 84' lang='lat' dir='ltr'>data</span> <span class='ocrx_word' id='word_1_222' title='bbox 1477 1892 1522 1929; x_wconf 83' lang='lat' dir='ltr'>et</span> <span class='ocrx_word' id='word_1_223' title='bbox 1543 1889 1779 1928; x_wconf 81' lang='lat' dir='ltr'>deliberata</span> <span class='ocrx_word' id='word_1_224' title='bbox 1800 1903 1876 1943; x_wconf 88' lang='lat' dir='ltr'>pro</span> 
     </span>
     <span class='ocr_line' id='line_1_54' title="bbox 343 1954 1876 2009; baseline -0.001 -15"><span class='ocrx_word' id='word_1_225' title='bbox 343 1956 613 2008; x_wconf 86' lang='lat' dir='ltr'>reparacione</span> <span class='ocrx_word' id='word_1_226' title='bbox 645 1955 848 2009; x_wconf 88' lang='lat' dir='ltr'>plumbea</span> <span class='ocrx_word' id='word_1_227' title='bbox 878 1955 930 1994; x_wconf 86' lang='lat' dir='ltr'>ad</span> <span class='ocrx_word' id='word_1_228' title='bbox 962 1954 1336 2003; x_wconf 79' lang='lat' dir='ltr'>sustentacionem,</span> <span class='ocrx_word' id='word_1_229' title='bbox 1369 1954 1699 2006; x_wconf 81' lang='lat' dir='ltr'>reparacionem,</span> <span class='ocrx_word' id='word_1_230' title='bbox 1721 1957 1766 1993; x_wconf 85' lang='lat' dir='ltr'>et</span> <span class='ocrx_word' id='word_1_231' title='bbox 1787 1958 1876 1993; x_wconf 83' lang='lat' dir='ltr'>tec-</span> 
     </span>
     <span class='ocr_line' id='line_1_55' title="bbox 344 2018 1876 2072; baseline 0 -14"><span class='ocrx_word' id='word_1_232' title='bbox 344 2024 487 2059; x_wconf 83' lang='lat' dir='ltr'>turam</span> <span class='ocrx_word' id='word_1_233' title='bbox 528 2021 654 2060; x_wconf 86' lang='lat' dir='ltr'>dictae</span> <span class='ocrx_word' id='word_1_234' title='bbox 695 2034 814 2060; x_wconf 87' lang='lat' dir='ltr'>novae</span> <span class='ocrx_word' id='word_1_235' title='bbox 855 2020 1067 2069; x_wconf 84' lang='lat' dir='ltr'>bedernae‚</span> <span class='ocrx_word' id='word_1_236' title='bbox 1109 2032 1204 2072; x_wconf 83' lang='lat' dir='ltr'>quae</span> <span class='ocrx_word' id='word_1_237' title='bbox 1245 2018 1372 2072; x_wconf 88' lang='lat' dir='ltr'>longo</span> <span class='ocrx_word' id='word_1_238' title='bbox 1408 2018 1613 2071; x_wconf 87' lang='lat' dir='ltr'>temporis</span> <span class='ocrx_word' id='word_1_239' title='bbox 1647 2019 1876 2070; x_wconf 82' lang='lat' dir='ltr'>processu²</span> 
     </span>
     <span class='ocr_line' id='line_1_56' title="bbox 343 2082 1874 2137; baseline -0.001 -14"><span class='ocrx_word' id='word_1_240' title='bbox 343 2089 638 2124; x_wconf 87' lang='lat' dir='ltr'>consummata</span> <span class='ocrx_word' id='word_1_241' title='bbox 678 2088 758 2135; x_wconf 82' lang='lat' dir='ltr'>est,</span> <span class='ocrx_word' id='word_1_242' title='bbox 788 2085 850 2124; x_wconf 86' lang='lat' dir='ltr'>ita</span> <span class='ocrx_word' id='word_1_243' title='bbox 881 2084 995 2137; x_wconf 89' lang='lat' dir='ltr'>quod</span> <span class='ocrx_word' id='word_1_244' title='bbox 1026 2083 1219 2137; x_wconf 76' lang='lat' dir='ltr'>praedicti</span> <span class='ocrx_word' id='word_1_245' title='bbox 1254 2083 1401 2122; x_wconf 81' lang='lat' dir='ltr'>vicarii</span> <span class='ocrx_word' id='word_1_246' title='bbox 1433 2096 1508 2135; x_wconf 91' lang='lat' dir='ltr'>pro</span> <span class='ocrx_word' id='word_1_247' title='bbox 1540 2082 1687 2135; x_wconf 82' lang='lat' dir='ltr'>pluvia</span> <span class='ocrx_word' id='word_1_248' title='bbox 1717 2083 1874 2122; x_wconf 77' lang='lat' dir='ltr'>cotidie</span> 
     </span>
     <span class='ocr_line' id='line_1_57' title="bbox 343 2146 1873 2201; baseline -0.001 -14"><span class='ocrx_word' id='word_1_249' title='bbox 343 2149 462 2187; x_wconf 87' lang='lat' dir='ltr'>int-us</span> <span class='ocrx_word' id='word_1_250' title='bbox 494 2148 686 2188; x_wconf 73' lang='lat' dir='ltr'>stillante</span> <span class='ocrx_word' id='word_1_251' title='bbox 708 2151 930 2201; x_wconf 81' lang='lat' dir='ltr'>nequeunt</span> <span class='ocrx_word' id='word_1_252' title='bbox 949 2149 996 2186; x_wconf 89' lang='lat' dir='ltr'>in</span> <span class='ocrx_word' id='word_1_253' title='bbox 1027 2148 1123 2187; x_wconf 86' lang='lat' dir='ltr'>aula</span> <span class='ocrx_word' id='word_1_254' title='bbox 1154 2160 1230 2186; x_wconf 88' lang='lat' dir='ltr'>sua</span> <span class='ocrx_word' id='word_1_255' title='bbox 1259 2147 1478 2185; x_wconf 87' lang='lat' dir='ltr'>communi</span> <span class='ocrx_word' id='word_1_256' title='bbox 1510 2146 1562 2185; x_wconf 87' lang='lat' dir='ltr'>ad</span> <span class='ocrx_word' id='word_1_257' title='bbox 1584 2159 1773 2186; x_wconf 83' lang='lat' dir='ltr'>mensam</span> <span class='ocrx_word' id='word_1_258' title='bbox 1795 2160 1873 2186; x_wconf 86' lang='lat' dir='ltr'>nec</span> 
     </span>
     <span class='ocr_line' id='line_1_58' title="bbox 342 2210 1874 2266; baseline -0.001 -15"><span class='ocrx_word' id='word_1_259' title='bbox 342 2213 393 2251; x_wconf 84' lang='lat' dir='ltr'>ad</span> <span class='ocrx_word' id='word_1_260' title='bbox 415 2212 560 2266; x_wconf 88' lang='lat' dir='ltr'>ignem</span> <span class='ocrx_word' id='word_1_261' title='bbox 581 2225 721 2265; x_wconf 88' lang='lat' dir='ltr'>neque</span> <span class='ocrx_word' id='word_1_262' title='bbox 743 2213 785 2251; x_wconf 89' lang='lat' dir='ltr'>in</span> <span class='ocrx_word' id='word_1_263' title='bbox 819 2211 997 2251; x_wconf 83' lang='lat' dir='ltr'>cameris</span> <span class='ocrx_word' id='word_1_264' title='bbox 1020 2211 1107 2250; x_wconf 88' lang='lat' dir='ltr'>suis</span> <span class='ocrx_word' id='word_1_265' title='bbox 1129 2214 1179 2250; x_wconf 83' lang='lat' dir='ltr'>ut</span> <span class='ocrx_word' id='word_1_266' title='bbox 1200 2213 1407 2250; x_wconf 83' lang='lat' dir='ltr'>tenentur</span> <span class='ocrx_word' id='word_1_267' title='bbox 1428 2210 1709 2249; x_wconf 87' lang='lat' dir='ltr'>residenciam</span> <span class='ocrx_word' id='word_1_268' title='bbox 1732 2223 1874 2263; x_wconf 85' lang='lat' dir='ltr'>perso-</span> 
     </span>
     <span class='ocr_line' id='line_1_59' title="bbox 341 2273 1873 2326; baseline -0.003 -10"><span class='ocrx_word' id='word_1_269' title='bbox 341 2276 483 2316; x_wconf 82' lang='lat' dir='ltr'>nalem</span> <span class='ocrx_word' id='word_1_270' title='bbox 505 2276 742 2325; x_wconf 84' lang='lat' dir='ltr'>observare,</span> <span class='ocrx_word' id='word_1_271' title='bbox 763 2276 815 2315; x_wconf 85' lang='lat' dir='ltr'>ad</span> <span class='ocrx_word' id='word_1_272' title='bbox 837 2275 1004 2315; x_wconf 83' lang='lat' dir='ltr'>obitum</span> <span class='ocrx_word' id='word_1_273' title='bbox 1036 2275 1261 2314; x_wconf 82' lang='lat' dir='ltr'>annuatim</span> <span class='ocrx_word' id='word_1_274' title='bbox 1286 2273 1590 2313; x_wconf 77' lang='lat' dir='ltr'>celebrandum</span> <span class='ocrx_word' id='word_1_275' title='bbox 1613 2287 1687 2326; x_wconf 90' lang='lat' dir='ltr'>pro</span> <span class='ocrx_word' id='word_1_276' title='bbox 1709 2274 1873 2313; x_wconf 84' lang='lat' dir='ltr'>anima-</span> 
     </span>
     <span class='ocr_line' id='line_1_60' title="bbox 340 2337 1871 2392; baseline -0.001 -13"><span class='ocrx_word' id='word_1_277' title='bbox 340 2340 419 2379; x_wconf 85' lang='lat' dir='ltr'>bus</span> <span class='ocrx_word' id='word_1_278' title='bbox 460 2340 527 2379; x_wconf 87' lang='lat' dir='ltr'>W.</span> <span class='ocrx_word' id='word_1_279' title='bbox 570 2339 770 2380; x_wconf 85' lang='lat' dir='ltr'>Bakhous</span> <span class='ocrx_word' id='word_1_280' title='bbox 811 2342 856 2379; x_wconf 81' lang='lat' dir='ltr'>et</span> <span class='ocrx_word' id='word_1_281' title='bbox 897 2339 1164 2392; x_wconf 80' lang='lat' dir='ltr'>Margaretae,</span> <span class='ocrx_word' id='word_1_282' title='bbox 1196 2341 1424 2391; x_wconf 81' lang='lat' dir='ltr'>parentum</span> <span class='ocrx_word' id='word_1_283' title='bbox 1466 2337 1632 2390; x_wconf 69' lang='lat' dir='ltr'>praefati</span> <span class='ocrx_word' id='word_1_284' title='bbox 1674 2338 1871 2391; x_wconf 74' lang='lat' dir='ltr'>magistri</span> 
     </span>
     <span class='ocr_line' id='line_1_61' title="bbox 339 2400 1870 2456; baseline -0.001 -14"><span class='ocrx_word' id='word_1_285' title='bbox 339 2402 512 2443; x_wconf 83' lang='lat' dir='ltr'>Thomae</span> <span class='ocrx_word' id='word_1_286' title='bbox 528 2403 741 2453; x_wconf 79' lang='lat' dir='ltr'>Bakhous‚</span> <span class='ocrx_word' id='word_1_287' title='bbox 756 2407 800 2443; x_wconf 85' lang='lat' dir='ltr'>et</span> <span class='ocrx_word' id='word_1_288' title='bbox 814 2417 889 2456; x_wconf 85' lang='lat' dir='ltr'>pro</span> <span class='ocrx_word' id='word_1_289' title='bbox 902 2402 1125 2442; x_wconf 81' lang='lat' dir='ltr'>animabus</span> <span class='ocrx_word' id='word_1_290' title='bbox 1140 2402 1333 2441; x_wconf 89' lang='lat' dir='ltr'>omnium</span> <span class='ocrx_word' id='word_1_291' title='bbox 1347 2401 1541 2440; x_wconf 85' lang='lat' dir='ltr'>fidelium</span> <span class='ocrx_word' id='word_1_292' title='bbox 1556 2400 1870 2451; x_wconf 80' lang='lat' dir='ltr'>defunctorum,</span> 
     </span>
     <span class='ocr_line' id='line_1_62' title="bbox 339 2463 1871 2520; baseline -0.001 -14"><span class='ocrx_word' id='word_1_293' title='bbox 339 2473 383 2506; x_wconf 74' lang='lat' dir='ltr'>et,</span> <span class='ocrx_word' id='word_1_294' title='bbox 405 2481 479 2520; x_wconf 92' lang='lat' dir='ltr'>pro</span> <span class='ocrx_word' id='word_1_295' title='bbox 501 2468 644 2506; x_wconf 78' lang='lat' dir='ltr'>anima</span> <span class='ocrx_word' id='word_1_296' title='bbox 665 2467 857 2520; x_wconf 68' lang='lat' dir='ltr'>przedieti</span> <span class='ocrx_word' id='word_1_297' title='bbox 891 2466 1086 2519; x_wconf 74' lang='lat' dir='ltr'>magistri</span> <span class='ocrx_word' id='word_1_298' title='bbox 1118 2464 1291 2505; x_wconf 76' lang='lat' dir='ltr'>Thomae</span> <span class='ocrx_word' id='word_1_299' title='bbox 1324 2463 1539 2514; x_wconf 70' lang='lat' dir='ltr'>Bakhous,</span> <span class='ocrx_word' id='word_1_300' title='bbox 1561 2468 1787 2518; x_wconf 77' lang='lat' dir='ltr'>postquam</span> <span class='ocrx_word' id='word_1_301' title='bbox 1819 2478 1871 2505; x_wconf 87' lang='lat' dir='ltr'>ex</span> 
     </span>
     <span class='ocr_line' id='line_1_63' title="bbox 339 2528 1870 2584; baseline -0.001 -14"><span class='ocrx_word' id='word_1_302' title='bbox 339 2530 418 2570; x_wconf 88' lang='lat' dir='ltr'>hoc</span> <span class='ocrx_word' id='word_1_303' title='bbox 469 2530 620 2570; x_wconf 83' lang='lat' dir='ltr'>saeculo</span> <span class='ocrx_word' id='word_1_304' title='bbox 661 2531 910 2584; x_wconf 69' lang='lat' dir='ltr'>migraverit</span> <span class='ocrx_word' id='word_1_305' title='bbox 957 2530 1277 2583; x_wconf 82' lang='lat' dir='ltr'>imperpetuum</span> <span class='ocrx_word' id='word_1_306' title='bbox 1319 2528 1574 2567; x_wconf 84' lang='lat' dir='ltr'>duraturum</span> <span class='ocrx_word' id='word_1_307' title='bbox 1618 2528 1695 2567; x_wconf 87' lang='lat' dir='ltr'>sub</span> <span class='ocrx_word' id='word_1_308' title='bbox 1735 2528 1870 2568; x_wconf 86' lang='lat' dir='ltr'>forma</span> 
     </span>
     <span class='ocr_line' id='line_1_64' title="bbox 339 2592 1868 2648; baseline -0.003 -14"><span class='ocrx_word' id='word_1_309' title='bbox 339 2595 551 2648; x_wconf 85' lang='lat' dir='ltr'>sequenti,</span> <span class='ocrx_word' id='word_1_310' title='bbox 573 2594 790 2644; x_wconf 79' lang='lat' dir='ltr'>videlicet,</span> <span class='ocrx_word' id='word_1_311' title='bbox 811 2594 924 2647; x_wconf 92' lang='lat' dir='ltr'>quod</span> <span class='ocrx_word' id='word_1_312' title='bbox 947 2594 1091 2632; x_wconf 81' lang='lat' dir='ltr'>vicarii</span> <span class='ocrx_word' id='word_1_313' title='bbox 1123 2593 1317 2646; x_wconf 60' lang='lat' dir='ltr'>praedicti</span> <span class='ocrx_word' id='word_1_314' title='bbox 1347 2592 1625 2632; x_wconf 80' lang='lat' dir='ltr'>celebrabunt</span> <span class='ocrx_word' id='word_1_315' title='bbox 1644 2593 1868 2631; x_wconf 84' lang='lat' dir='ltr'>annuatim</span> 
     </span>
     <span class='ocr_line' id='line_1_65' title="bbox 339 2654 1869 2712; baseline -0.003 -14"><span class='ocrx_word' id='word_1_316' title='bbox 339 2659 564 2712; x_wconf 73' lang='lat' dir='ltr'>praefatum</span> <span class='ocrx_word' id='word_1_317' title='bbox 595 2659 762 2699; x_wconf 85' lang='lat' dir='ltr'>obitum</span> <span class='ocrx_word' id='word_1_318' title='bbox 793 2659 927 2697; x_wconf 82' lang='lat' dir='ltr'>tercio</span> <span class='ocrx_word' id='word_1_319' title='bbox 958 2658 1027 2697; x_wconf 89' lang='lat' dir='ltr'>die</span> <span class='ocrx_word' id='word_1_320' title='bbox 1060 2657 1210 2696; x_wconf 79' lang='lat' dir='ltr'>Marcii</span> <span class='ocrx_word' id='word_1_321' title='bbox 1243 2671 1342 2696; x_wconf 84' lang='lat' dir='ltr'>cum</span> <span class='ocrx_word' id='word_1_322' title='bbox 1370 2655 1550 2696; x_wconf 72' lang='lat' dir='ltr'>Placebo</span> <span class='ocrx_word' id='word_1_323' title='bbox 1580 2659 1624 2695; x_wconf 82' lang='lat' dir='ltr'>et</span> <span class='ocrx_word' id='word_1_324' title='bbox 1646 2654 1802 2708; x_wconf 63' lang='lat' dir='ltr'>Dirigye</span> <span class='ocrx_word' id='word_1_325' title='bbox 1824 2660 1869 2695; x_wconf 79' lang='lat' dir='ltr'>et</span> 
     </span>
     <span class='ocr_line' id='line_1_66' title="bbox 339 2720 1868 2772; baseline -0.001 -10"><span class='ocrx_word' id='word_1_326' title='bbox 339 2723 469 2762; x_wconf 80' lang='lat' dir='ltr'>missa</span> <span class='ocrx_word' id='word_1_327' title='bbox 489 2737 587 2762; x_wconf 89' lang='lat' dir='ltr'>cum</span> <span class='ocrx_word' id='word_1_328' title='bbox 609 2727 725 2772; x_wconf 83' lang='lat' dir='ltr'>nota,</span> <span class='ocrx_word' id='word_1_329' title='bbox 748 2722 816 2761; x_wconf 88' lang='lat' dir='ltr'>vel</span> <span class='ocrx_word' id='word_1_330' title='bbox 837 2721 948 2760; x_wconf 83' lang='lat' dir='ltr'>infra</span> <span class='ocrx_word' id='word_1_331' title='bbox 972 2721 1119 2760; x_wconf 79' lang='lat' dir='ltr'>decem</span> <span class='ocrx_word' id='word_1_332' title='bbox 1152 2721 1243 2760; x_wconf 82' lang='lat' dir='ltr'>dies</span> <span class='ocrx_word' id='word_1_333' title='bbox 1275 2720 1526 2760; x_wconf 82' lang='lat' dir='ltr'>immediate</span> <span class='ocrx_word' id='word_1_334' title='bbox 1559 2722 1800 2772; x_wconf 80' lang='lat' dir='ltr'>sequentes,</span> <span class='ocrx_word' id='word_1_335' title='bbox 1823 2724 1868 2760; x_wconf 79' lang='lat' dir='ltr'>et</span> 
     </span>
    </p>
   </div>
   <div class='ocr_carea' id='block_1_12' title="bbox 412 2805 1866 2853">
    <p class='ocr_par' dir='ltr' id='par_1_14' title="bbox 412 2805 1866 2853">
     <span class='ocr_line' id='line_1_67' title="bbox 412 2805 1866 2853; baseline -0.001 -10"><span class='ocrx_word' id='word_1_336' title='bbox 412 2810 427 2852; x_wconf 88' lang='lat'>(</span> <span class='ocrx_word' id='word_1_337' title='bbox 432 2810 468 2853; x_wconf 87' lang='lat'>1)</span> <span class='ocrx_word' id='word_1_338' title='bbox 495 2809 581 2843; x_wconf 86' lang='lat' dir='ltr'>This</span> <span class='ocrx_word' id='word_1_339' title='bbox 594 2809 734 2844; x_wconf 77' lang='lat' dir='ltr'>chal-ter</span> <span class='ocrx_word' id='word_1_340' title='bbox 752 2807 781 2842; x_wconf 87' lang='lat' dir='ltr'>is</span> <span class='ocrx_word' id='word_1_341' title='bbox 798 2807 864 2841; x_wconf 92' lang='lat' dir='ltr'>No.</span> <span class='ocrx_word' id='word_1_342' title='bbox 883 2808 929 2841; x_wconf 86' lang='lat'>43</span> <span class='ocrx_word' id='word_1_343' title='bbox 947 2807 981 2841; x_wconf 86' lang='lat' dir='ltr'>in</span> <span class='ocrx_word' id='word_1_344' title='bbox 1001 2807 1068 2841; x_wconf 85' lang='lat' dir='ltr'>Mr.</span> <span class='ocrx_word' id='word_1_345' title='bbox 1088 2807 1352 2852; x_wconf 82' lang='lat' dir='ltr'>Darnbrough&#39;s</span> <span class='ocrx_word' id='word_1_346' title='bbox 1368 2805 1473 2850; x_wconf 83' lang='lat' dir='ltr'>book,</span> <span class='ocrx_word' id='word_1_347' title='bbox 1491 2806 1561 2840; x_wconf 82' lang='lat' dir='ltr'>and</span> <span class='ocrx_word' id='word_1_348' title='bbox 1574 2805 1602 2840; x_wconf 85' lang='lat' dir='ltr'>is</span> <span class='ocrx_word' id='word_1_349' title='bbox 1623 2805 1682 2840; x_wconf 76' lang='lat' dir='ltr'>the</span> <span class='ocrx_word' id='word_1_350' title='bbox 1701 2806 1783 2852; x_wconf 89' lang='lat' dir='ltr'>only</span> <span class='ocrx_word' id='word_1_351' title='bbox 1800 2818 1866 2841; x_wconf 86' lang='lat' dir='ltr'>one</span> 
     </span>
    </p>
   </div>
   <div class='ocr_carea' id='block_1_13' title="bbox 338 2859 1642 2958">
    <p class='ocr_par' dir='ltr' id='par_1_15' title="bbox 338 2859 1642 2958">
     <span class='ocr_line' id='line_1_68' title="bbox 338 2859 1205 2905; baseline -0.001 -11"><span class='ocrx_word' id='word_1_352' title='bbox 338 2861 469 2895; x_wconf 82' lang='lat' dir='ltr'>known</span> <span class='ocrx_word' id='word_1_353' title='bbox 487 2866 525 2895; x_wconf 78' lang='lat' dir='ltr'>to</span> <span class='ocrx_word' id='word_1_354' title='bbox 542 2861 634 2895; x_wconf 77' lang='lat' dir='ltr'>exist</span> <span class='ocrx_word' id='word_1_355' title='bbox 651 2861 691 2895; x_wconf 89' lang='lat' dir='ltr'>of</span> <span class='ocrx_word' id='word_1_356' title='bbox 713 2860 758 2894; x_wconf 82' lang='lat' dir='ltr'>al]</span> <span class='ocrx_word' id='word_1_357' title='bbox 778 2860 858 2894; x_wconf 79' lang='lat' dir='ltr'>that</span> <span class='ocrx_word' id='word_1_358' title='bbox 875 2871 933 2893; x_wconf 81' lang='lat' dir='ltr'>are</span> <span class='ocrx_word' id='word_1_359' title='bbox 954 2860 1051 2894; x_wconf 75' lang='lat' dir='ltr'>there</span> <span class='ocrx_word' id='word_1_360' title='bbox 1068 2859 1205 2905; x_wconf 86' lang='lat' dir='ltr'>copied.</span> 
     </span>
     <span class='ocr_line' id='line_1_69' title="bbox 411 2910 1642 2958; baseline -0.001 -11"><span class='ocrx_word' id='word_1_361' title='bbox 411 2914 467 2957; x_wconf 76' lang='lat'>(2)</span> <span class='ocrx_word' id='word_1_362' title='bbox 495 2913 532 2948; x_wconf 86' lang='lat' dir='ltr'>It</span> <span class='ocrx_word' id='word_1_363' title='bbox 556 2913 626 2948; x_wconf 84' lang='lat' dir='ltr'>had</span> <span class='ocrx_word' id='word_1_364' title='bbox 644 2913 732 2948; x_wconf 84' lang='lat' dir='ltr'>been</span> <span class='ocrx_word' id='word_1_365' title='bbox 748 2912 841 2948; x_wconf 87' lang='lat' dir='ltr'>built</span> <span class='ocrx_word' id='word_1_366' title='bbox 859 2912 970 2947; x_wconf 82' lang='lat' dir='ltr'>about</span> <span class='ocrx_word' id='word_1_367' title='bbox 984 2923 1004 2947; x_wconf 87' lang='lat' dir='ltr'>a</span> <span class='ocrx_word' id='word_1_368' title='bbox 1021 2910 1297 2958; x_wconf 77' lang='lat' dir='ltr'>centu1·y.-See</span> <span class='ocrx_word' id='word_1_369' title='bbox 1315 2911 1455 2947; x_wconf 72' lang='lat' dir='ltr'>chartei·</span> <span class='ocrx_word' id='word_1_370' title='bbox 1478 2910 1518 2946; x_wconf 90' lang='lat' dir='ltr'>of</span> <span class='ocrx_word' id='word_1_371' title='bbox 1541 2911 1642 2946; x_wconf 76' lang='lat'>1415.</span> 
     </span>
    </p>
   </div>
  </div>
 </body>
</html>
