1955 3068
79 157 178 202 ,llo

85 424 93 448 t
102 420 172 458 ryin
177 429 197 457 g
212 420 247 448 of

84 469 202 489 causes.

812 171 1086 204 MEMORIALS
1122 173 1180 204 oF
1217 173 1374 205 Rll’ON.

315 282 567 334 petendum,
601 284 876 338 exigendum,
907 288 946 323 et
981 285 1290 337 recipiendum,
1323 289 1366 324 et
1397 287 1544 324 contra
1575 289 1846 326 contumaces

315 349 442 399 atque
484 346 730 401 hujusmodi
763 348 1083 401 procurationes
1114 362 1201 388 non
1243 347 1495 388 exhibentes
1537 362 1612 402 per
1652 349 1847 403 legitima

310 409 420 465 juris
442 413 576 452 nostri
589 413 865 452 ecclesiastici
886 412 1078 452 remedia
1091 412 1432 466 procedendum;
1451 411 1717 464 CAUSASQUE,
1733 413 1847 464 lites,

314 478 360 514 et
399 477 573 529 negotia
613 489 753 516 coram
796 476 914 515 vobis
956 479 1033 515 aut
1074 477 1226 516 vestris
1267 477 1569 527 commissariis
1609 478 1848 530 pendentes

315 539 539 590 indecisas,
562 553 729 580 necnon
751 540 856 579 alias
888 540 976 579 sive
1007 540 1091 579 alia
1121 554 1414 594 quascumque
1447 541 1534 579 sive
1565 554 1847 595 quaecumque

314 602 368 642 ad
390 602 529 643 forum
552 604 887 644 ecclesiasticum
902 604 1187 656 pertinentes,
1209 618 1304 657 quae
1320 605 1425 644 citra
1441 604 1589 658 legum
1605 608 1848 644 nostrarum

316 671 362 707 et
393 671 653 707 statutorum
675 669 798 722 regni
825 669 960 707 nostri
982 667 1143 707 offensa
1162 682 1302 708 coram
1323 668 1442 708 vobis
1464 672 1541 708 aut
1560 669 1713 708 vestris
1734 682 1849 708 com-

315 732 519 771 missariis
540 733 708 786 agitari,
725 735 801 772 aut
821 732 873 772 ad
895 735 1080 772 vestram
1098 746 1173 772 seu
1194 732 1376 786 alicujus
1398 736 1444 772 et
1463 733 1848 773 commissariorum

277 810 282 814 ’
314 809 390 849 per
409 810 482 835 vos
504 797 648 850 vigore
671 795 801 850 hujus
833 796 1143 836 commissionis
1175 797 1521 850 deputandorum
1552 797 1847 850 cognicionem

83 1314 193 1343 Power

81 1355 178 1389 given
194 1356 225 1382 to

83 1393 137 1422 the
151 1393 246 1430 chap-

83 1436 130 1461 ter
146 1441 180 1461 as
197 1436 260 1461 act-

83 1472 138 1509 ing
153 1472 199 1500 for
214 1472 267 1501 the

82 1511 169 1549 king.

81 1764 160 1803 May
175 1766 203 1794 2.

201 2730 240 2758 so.
255 2732 280 2759 1.

82 2793 150 2814 ΑΛ).
167 2786 252 2813 1536.

83 2841 246 2870 Promnble

79 2882 116 2908 of
135 2882 186 2909 the

315 860 482 900 devolvi
521 864 599 900 aut
639 861 794 900 deduci
825 860 994 900 valeant
1033 864 1078 900 et
1118 862 1297 913 possint,
1339 863 1552 914 quat-enus
1598 859 1847 914 hujusmodi

316 924 520 974 visitatio,
548 924 786 978 inquisitio,
818 922 1021 975 cohertio,
1053 927 1098 964 et
1128 937 1352 964 causarum
1373 925 1578 979 cognitio,
1608 925 1662 965 ad
1693 938 1765 964 vos
1802 928 1847 964 et

315 1002 588 1042 praecessores
604 991 765 1028 vestros
789 1002 986 1028 eorumve
1009 989 1320 1028 commissarios
1342 989 1562 1028 retroactis
1579 989 1847 1042 temporibus

315 1053 552 1106 pertineret
586 1055 715 1105 atque
751 1053 804 1093 de
840 1052 939 1106 jure
973 1056 1017 1092 et
1046 1052 1214 1106 legibus
1251 1051 1381 1106 hujus
1412 1053 1534 1107 regni
1565 1053 1731 1107 Angliae
1763 1054 1845 1092 rite

314 1117 500 1156 exerceri
515 1117 657 1169 potuit
676 1119 720 1156 et
738 1120 881 1170 potest
897 1118 943 1156 in
960 1117 1176 1170 praesenti,
1194 1120 1239 1156 et
1255 1131 1340 1157 non
1357 1117 1496 1168 aliter,
1514 1117 1846 1157 examinandum

315 1184 361 1220 et
391 1180 689 1230 decidendum,
715 1184 952 1233 caeteraque
982 1181 1125 1220 omnia
1155 1183 1200 1220 et
1232 1180 1402 1234 singula
1432 1182 1478 1220 in
1509 1181 1738 1234 praemissis
1771 1195 1846 1221 seu

313 1244 424 1283 circa
445 1257 495 1283 ea
515 1245 752 1283 necessaria
764 1243 831 1284 vel
852 1244 1174 1297 quomodolibet
1194 1246 1446 1297 opportuna,
1463 1245 1568 1294 vice,
1591 1245 1779 1295 nomine,
1802 1249 1847 1284 et

313 1308 569 1347 auctoritate
610 1308 765 1347 nostris
807 1309 1120 1361 exequendum,
1151 1308 1299 1358 VOBIS,
1337 1308 1389 1347 de
1427 1321 1610 1361 quorum
1636 1308 1845 1359 doctrina,

315 1372 428 1421 vitae,
450 1374 496 1410 et
516 1385 683 1410 morum
706 1372 972 1425 integritate,
994 1372 1227 1424 plurimum
1250 1372 1521 1422 confidimus,
1544 1372 1656 1411 vices
1678 1375 1845 1411 nostras

313 1449 412 1474 cum
434 1438 645 1488 potestate
668 1436 973 1484 substituendi,
987 1439 1137 1475 tenore
1162 1436 1440 1488 praesentium
1462 1436 1775 1475 committimus
1797 1450 1844 1475 ac

314 1498 494 1538 liberam
515 1499 787 1538 concedimus
809 1499 1073 1550 facultatem,
1095 1513 1253 1552 vosque
1279 1500 1321 1539 in
1349 1513 1397 1539 ea
1427 1503 1548 1553 parte
1570 1500 1844 1539 licentiamus

314 1576 389 1616 per
417 1566 646 1616 praesentes
681 1563 735 1602 ad
769 1566 965 1603 nostrum
995 1563 1314 1616 beneplacitum
1344 1564 1571 1604 dumtaxat
1600 1564 1843 1614 duraturas,

312 1641 412 1666 cum
443 1626 673 1680 cujuslibet
702 1640 901 1681 congruae
923 1630 968 1667 et
998 1627 1293 1667 ecclesiastieae
1324 1626 1582 1667 cohertionis
1614 1631 1843 1680 potestate,

315 1691 368 1730 IN
408 1702 536 1731 CUJUS
577 1693 639 1731 rei
680 1692 979 1731 testimonium
1022 1691 1214 1745 sigillum
1255 1695 1450 1731 nostrum
1491 1705 1574 1744 quo
1605 1692 1658 1731 ad
1698 1705 1843 1731 causas

312 1755 619 1795 ecclesiasticas
659 1756 824 1795 utimur
858 1755 1138 1808 praesentibus
1177 1756 1333 1808 apponi
1363 1755 1673 1795 mandavimus.
1734 1755 1844 1795 Data

314 1819 503 1859 secundo
539 1819 608 1859 die
649 1819 809 1859 mensis
841 1819 961 1869 Maii,
996 1819 1118 1859 Anno
1153 1819 1325 1858 Domini
1359 1818 1589 1858 millesimo
1629 1819 1842 1873 quingen-

315 1884 467 1923 tesimo
489 1883 813 1937 quadragesimo
836 1884 1034 1936 septimo,
1055 1887 1102 1922 et
1122 1883 1245 1937 regni
1266 1883 1401 1922 nostri
1422 1896 1533 1922 anno
1554 1883 1705 1935 primo.

385 1946 594 1987 >Portica
625 1946 677 2000 of
710 1946 839 1988 Great
872 1945 973 1988 Seal
1006 1946 1059 2000 of
1085 1945 1284 1987 Edwarcl
1326 1946 1399 1986 VI.
1437 1945 1491 1986 in
1522 1945 1599 1986 red
1630 1959 1729 1986 wax
1759 1960 1843 2001 ap-

310 2010 489 2066 pendesl
509 2010 563 2064 by
585 2009 708 2051 lohel.

403 2074 635 2115 Emlorsefl
666 2073 715 2115 ‘in
750 2073 951 2127 (we’gyiwtl
988 2073 1112 2115 hamc
1149 2078 1159 2097 ‘
1178 2074 1375 2128 Rippon.’
1439 2074 1496 2114 [η
1531 2073 1644 2114 later
1680 2072 1841 2124 hands,

312 2144 324 2162 ⁶
346 2139 506 2179 Entred
529 2140 573 2178 in
596 2138 670 2178 the
692 2139 822 2188 Post:
845 2142 855 2160 ⁶
871 2138 933 2177 for
955 2140 1160 2192 provinge
1178 2139 1225 2178 of
1242 2138 1375 2188 wills,'
1398 2141 1408 2160 ⁶
1424 2136 1671 2192 Touchinge
1695 2138 1840 2177 Eccle-

314 2205 498 2244 siastical
539 2204 821 2244 Jurisdiction
863 2203 1033 2243 revived
1072 2203 1127 2256 by
1165 2203 1283 2255 King
1320 2203 1433 2243 Edw.
1473 2202 1840 2242 6th.’-‘Eccl'ial

312 2268 581 2318 Jurisdictio,
608 2270 624 2307 1
653 2268 731 2308 Ed.
756 2268 809 2307 6?
831 2268 906 2307 ‘1⁴1
931 2267 984 2307 3.’

551 2539 609 2578 ΙΙ.
642 2538 1001 2578 TRANSCRIPT
1044 2538 1117 2577 oF
1159 2537 1343 2577 PAPAL
1389 2535 1599 2576 BULLS.¹

836 2633 977 2676 (RmoN
1004 2633 1185 2668 OnAPTmz
1210 2632 1306 2677 MS.)

404 2716 453 2754 In
478 2715 557 2754 Dei
580 2715 778 2764 Nomine,
806 2715 952 2754 Amen.
1013 2715 1096 2754 Per
1121 2728 1304 2767 praesens
1336 2712 1555 2765 publicum
1577 2711 1838 2750 instrumen-

313 2785 408 2819 tum
431 2780 517 2818 sive
540 2783 859 2831 transumptum
882 2779 1048 2818 cunctis
1070 2782 1267 2831 appareat
1291 2777 1510 2816 evidenter
1533 2779 1575 2814 et
1599 2776 1653 2813 sit
1670 2778 1836 2823 notum,

388 2870 443 2912 (l)
471 2868 544 2902 The
564 2868 744 2910 following
769 2868 863 2901 huus
886 2880 944 2902 are
970 2868 1058 2902 from
1085 2880 1102 2901 a
1130 2867 1282 2901 notaria}
1301 2865 1492 2911 transcript
1509 2877 1554 2898 on
1573 2864 1642 2898 five
1659 2865 1776 2897 leaves
1801 2862 1840 2896 of

314 2921 518 2966 parc-hnwnt
540 2919 737 2964 mensuiing:
754 2920 859 2954 about
884 2921 922 2953 14
945 2920 987 2953 in.
1009 2920 1052 2965 by
1075 2920 1109 2953 ll
1144 2920 1202 2962 in.‚
1219 2918 1388 2954 endor-sod
1406 2917 1439 2950 in
1468 2930 1484 2949 a
1513 2915 1738 2950 sex-enteemh
1758 2926 1836 2947 oen-
