1935 3151
91 145 185 192 158

90 276 290 314 Archbishop

91 317 225 346 Zouche.

90 545 160 567 A.D.
180 537 266 566 1314.

90 592 292 628 Archbishop

91 630 268 667 Grenefeld,

92 670 291 706 consideriug

92 710 148 737 the
164 709 291 738 benefits

92 748 128 776 of
139 758 264 784 messes,

92 1247 205 1276 fouuds
220 1255 238 1276 a

94 1287 229 1324 chantry
246 1286 277 1315 in

93 1326 147 1354 the
164 1325 273 1363 cliapel

94 1366 127 1393 of
140 1365 189 1393 his

95 1413 205 1432 maner
220 1406 254 1432 at

96 1443 206 1480 Ripon,

95 1482 175 1510 with
192 1491 256 1510 con·

94 1526 162 1550 sent
179 1522 212 1549 of
227 1522 281 1550 the

94 1560 232 1595 Chapter

96 1600 132 1628 of
149 1599 244 1628 York.

95 1655 262 1689 Messuage

93 1694 195 1730 lands,
213 1699 280 1729 etc.y

94 1743 168 1762 near

93 1772 199 1801 Thorn
206 1775 267 1801 ton.

96 1827 260 1865 Mcssuage

92 1867 126 1895 in
145 1867 168 1895 A
175 1867 264 1896 llhal-

93 1907 239 1944 lowgate.

96 2075 180 2104 Rent
194 2076 230 2104 of

95 2116 157 2144 74³.
175 2115 253 2144 from

94 2155 147 2182 the
163 2154 238 2183 sen-fs

94 2194 130 2222 of
147 2194 201 2221 the

96 2241 214 2268 massot,

97 2515 130 2541 to
145 2513 203 2542 Mr.

99 2552 185 2581 will.
201 2554 238 2582 de

97 2590 256 2630 Sweynby

827 156 1103 190 MEMORIALS
1138 157 1196 190 OF
1232 157 1390 192 RIPON.

325 272 581 325 Apostolicae
607 271 810 325 LegatuS,
833 270 1018 310 salutem
1050 270 1095 309 in
1128 270 1301 309 sinceris
1332 268 1598 322 amplexibus
1621 270 1862 312 salvatoris.

325 336 367 376 N
369 337 543 376 overitis
565 349 641 375 nos
663 335 807 375 literas
830 335 950 374 bonae
971 334 1188 373 memoriae
1209 334 1372 373 domini
1394 333 1602 373 Willehni
1623 335 1675 374 de
1699 335 1864 375 Grene-

326 400 414 440 feld
436 400 602 440 dudum
624 400 750 439 Ebor.
774 397 1080 451 archiepiscopi
1111 397 1431 451 praedecessoris
1462 398 1598 437 nostri
1627 399 1863 452 inspexisse

326 467 520 504 tenorem
541 464 615 517 qui
639 463 831 517 sequitur
852 476 928 516 per
949 462 1094 501 omnia
1114 462 1402 501 continentes.

417 527 639 567 Universis
676 527 842 567 Sanctae
875 525 1030 565 Matris
1064 525 1265 565 Ecclesiae
1297 525 1398 564 filiis
1432 528 1665 578 praesentes
1698 526 1864 566 litteras

328 592 482 631 visuris
500 591 568 630 vel
584 589 1065 641 audituris,XNillelmus
1080 589 1362 642 permissione
1378 589 1534 628 Divina
1547 589 1672 629 Ebor.
1689 589 1865 631 Archie-

327 656 542 708 piscopus,
558 655 726 709 Angliae
743 654 926 703 Primas,
945 653 1131 693 salutem
1150 653 1197 692 in
1218 652 1484 706 amplexibus
1500 653 1742 694 Salvatoris.
1804 655 1866 694 Ea

327 720 521 759 noscitur
555 732 647 758 esse
676 718 963 758 consideracio
999 717 1090 757 Deo
1124 720 1246 770 grata
1273 730 1348 769 per
1381 730 1510 770 quam
1546 717 1693 756 Divini
1721 718 1865 758 cultus

326 786 578 836 procuratur
598 785 886 836 augmentum
911 795 987 834 per
1014 780 1289 834 frequentem
1318 781 1502 820 maxime
1529 781 1864 821 celebracionem

326 847 570 897 missarum,
588 847 634 885 in
651 860 735 900 qua
751 846 934 899 corporis
958 849 1001 885 et
1024 845 1245 898 sanguinis
1262 845 1478 884 Dominici
1494 844 1718 884 conficitur
1733 859 1866 885 sacra-

327 914 539 961 mentum,
561 914 607 950 et
637 924 713 964 pro
746 910 883 950 salute
914 909 1110 949 fidelium
1141 908 1390 949 immolatur
1410 908 1485 948 illa
1507 909 1705 948 salutaris
1726 908 1867 949 hostia

327 975 418 1015 Deo
440 974 560 1014 Patri
578 990 587 1015 :
621 973 711 1014 haec
742 987 928 1027 namque
950 973 1064 1012 inter
1085 972 1264 1012 caeteral
1287 973 1506 1012 meritoria
1526 986 1652 1026 opera
1673 977 1717 1013 et
1738 974 1865 1013 insti-

325 1039 512 1078 tucionis
552 1038 788 1078 Dominicae
840 1040 1103 1077 sacramenta
1153 1036 1407 1077 beatificatis
1450 1050 1618 1076 summe
1659 1037 1772 1077 cedit
1811 1037 1865 1077 ad

325 1103 504 1156 gloriam
556 1105 600 1142 et
649 1116 819 1156 poenam
859 1102 1021 1141 minuit
1061 1100 1284 1140 animabus
1329 1099 1470 1140 adhuc
1520 1101 1567 1140 in
1617 1102 1866 1155 purgatorio

327 1167 592 1206 constitutis.
653 1166 944 1206 Attendentes
976 1165 1123 1218 itaque
1165 1167 1338 1204 tantum
1371 1168 1415 1204 et
1455 1167 1546 1204 tam
1580 1164 1865 1205 excellentem

328 1229 484 1284 hujus²
517 1230 771 1270 sacramenti
803 1229 1008 1269 effectum
1039 1229 1092 1268 ad
1123 1228 1205 1268 Dei
1237 1228 1558 1281 Omnipotentis
1578 1227 1799 1279 honorem,
1821 1233 1866 1269 et

327 1295 481 1335 animae
497 1298 653 1334 nostrae
674 1308 721 1334 ac
743 1297 975 1347 parentum
993 1296 1038 1333 et
1052 1293 1376 1333 benefactorum
1397 1297 1643 1333 nostrorum
1666 1293 1865 1344 salutem,

327 1360 374 1398 in
390 1358 553 1412 capella
573 1362 718 1398 nostra
740 1372 868 1411 quam
890 1358 1082 1397 construi
1103 1357 1285 1397 fecimus
1307 1358 1353 1396 in
1374 1357 1564 1396 manerio
1579 1357 1594 1380 3
1616 1357 1668 1397 de
1685 1357 1865 1410 Rypon’,

328 1423 380 1463 de
406 1436 616 1462 consensu
647 1422 827 1475 capituli
857 1422 995 1461 nostri
1027 1421 1154 1461 Ebor.
1186 1434 1318 1461 unam
1348 1421 1581 1460 cantariam
1611 1424 1864 1474 perpetuam

326 1487 528 1526 duximus
560 1486 855 1535 ordinandam,
892 1485 945 1525 ad
983 1485 1348 1525 sustentacionem
1384 1485 1514 1524 unius
1528 1484 1542 1507 ⁴¹
1579 1485 1788 1538 capellani
1819 1485 1864 1524 in

329 1551 445 1590 dicta
476 1550 638 1603 capella
669 1552 878 1603 perpetuo
912 1548 1182 1599 celebraturi,
1211 1548 1425 1601 quoddam
1457 1549 1731 1602 mesuagium
1764 1562 1864 1588 cum

328 1614 554 1654 duodecim
576 1614 682 1653 acris
702 1617 826 1653 terrae
847 1613 1030 1663 arabilis,
1052 1613 1242 1666 quinque
1264 1613 1371 1652 acris
1391 1612 1516 1665 prati,
1539 1615 1584 1651 et
1604 1612 1742 1652 tribus
1756 1613 1863 1652 acris

329 1677 445 1717 bosci
463 1681 507 1717 et
528 1681 713 1730 pasturae
729 1691 828 1717 cum
846 1677 1121 1730 pertinenciis
1143 1677 1188 1716 in
1211 1676 1308 1716 Dall
1323 1676 1450 1729 juxta
1470 1674 1732 1726 Thorneton,
1749 1676 1864 1729 quod

328 1741 416 1781 fuit
437 1741 654 1794 quondam
675 1741 885 1781 Willelmi
916 1741 969 1781 de
1001 1741 1171 1791 Desert,
1194 1743 1239 1780 et
1269 1740 1484 1793 quoddam
1515 1740 1787 1794 mesuagium
1818 1741 1864 1780 in

329 1805 431 1845 villa
448 1805 612 1859 Rypon'
629 1819 727 1845 cum
744 1805 1022 1858 pertinenciis
1045 1805 1178 1844 situm
1195 1805 1242 1844 in
1263 1804 1356 1844 vico
1371 1803 1576 1844 Omnium
1594 1803 1864 1854 Sanctorum,

328 1870 443 1909 inter
464 1869 736 1923 mesuagium
765 1869 962 1923 magistri
984 1869 1193 1923 willelmi
1225 1868 1277 1908 de
1310 1867 1520 1921 Sweynby
1541 1881 1592 1907 ex
1622 1870 1741 1921 parte
1763 1881 1865 1918 una,

328 1936 373 1972 et
394 1934 664 1988 mesuagium
686 1934 849 1973 Emmae
871 1933 924 1972 de
947 1931 1197 1973 Clotherum
1220 1946 1271 1972 ex
1292 1932 1440 1982 altera,
1457 1945 1623 1971 necnon
1644 1932 1863 1971 redditum

327 2011 522 2037 annuum
556 1998 778 2052 sexaginta
809 2000 854 2037 et
885 1997 1209 2050 quatuordecim
1243 1996 1490 2046 solidorum,
1516 1996 1590 2048 qui
1622 1996 1674 2035 de
1705 1996 1864 2035 nativis

326 2061 580 2101 tenentibus
616 2061 722 2101 dicti
755 2061 937 2100 manerii
973 2060 1139 2113 Rypon’
1164 2074 1240 2113 per
1274 2059 1481 2100 ballivum
1514 2058 1708 2112 ejusdem
1741 2060 1863 2099 annis

329 2125 511 2178 singulis
533 2125 665 2164 levari
686 2127 1019 2174 consueverunt,
1043 2126 1088 2163 et
1108 2124 1276 2164 custodi
1297 2123 1506 2163 domuum
1537 2125 1582 2162 et
1603 2122 1736 2162 clausi
1757 2123 1863 2163 dicti

327 2189 508 2227 manerii
539 2202 614 2241 pro
646 2187 841 2241 ejusdem
872 2187 1076 2227 custodiae
1101 2201 1227 2227 onere
1256 2187 1477 2240 assignari,
1509 2185 1707 2226 videlicet
1744 2187 1862 2226 omni

327 2252 397 2291 die
421 2252 527 2291 duos
549 2252 745 2291 denarios
778 2265 853 2304 pro
884 2251 1002 2290 victu
1034 2250 1247 2290 cotidiano
1279 2250 1472 2304 ejusdem
1497 2249 1700 2299 custodis,
1733 2253 1778 2289 et
1807 2250 1861 2290 ad

327 2315 473 2354 robam
496 2329 616 2355 suam
638 2316 763 2355 annis
786 2314 968 2369 singulis
987 2328 1119 2354 unam
1135 2327 1337 2364 marcam,
1354 2314 1407 2353 de
1428 2327 1640 2353 consensu
1662 2327 1862 2366 expresso

327 2379 507 2432 capituli
528 2380 663 2418 nostri
684 2379 892 2432 praedicti,
909 2392 956 2418 ac
980 2378 1242 2418 serenissimi
1259 2377 1462 2430 principis
1484 2380 1527 2416 et
1548 2377 1711 2416 domini
1727 2377 1861 2417 nostri

328 2442 490 2481 domini
513 2443 707 2483 Edwardi
728 2443 839 2496 regis
860 2443 1027 2496 Angliae
1049 2442 1228 2481 illustris
1250 2441 1428 2481 licencia
1451 2441 1634 2493 speciali,
1656 2441 1862 2494 magistro

328 2505 547 2545 willelmo
556 2506 608 2545 de
620 2505 843 2559 Sweynby,
853 2506 1085 2559 capellano,
1095 2506 1164 2545 cui
1178 2505 1338 2545 dictam
1352 2505 1587 2544 cantariam
1601 2504 1861 2543 contulimus

329 2569 497 2609 intuitu
537 2570 742 2619 caritatis,
784 2570 1012 2622 ipsumque
1055 2570 1262 2609 domuum
1296 2572 1340 2608 et
1376 2568 1508 2608 clausi
1545 2568 1649 2607 dicti
1680 2568 1861 2607 manerii

403 2694 459 2738 (1)
487 2695 497 2713 ‘
510 2694 595 2728 Alia
610 2694 638 2736 ’ς
680 2693 905 2740 Archbishop
943 2693 1174 2729 Greenfield's
1206 2694 1379 2739 Reqister,
1407 2693 1525 2729 where
1555 2691 1626 2726 this
1659 2692 1800 2727 charter
1830 2692 1860 2726 is

329 2746 484 2789 entered,
504 2746 548 2781 fo.
571 2746 613 2781 17
627 2746 662 2782 b.

403 2798 460 2843 (2)
488 2800 496 2817 ‘
513 2798 731 2845 Hujusmodi
745 2799 773 2840 ’ς
799 2798 942 2833 Greenf.
961 2799 1048 2843 Ray.

403 2850 461 2893 (3)
488 2850 632 2885 Greenf.
652 2851 738 2894 1³09.
756 2850 845 2884 adds
863 2851 872 2868 ‘
886 2854 1008 2885 nostro
1021 2851 1028 2865 ’
1046 2850 1116 2886 and
1135 2849 1241 2884 omits
1258 2851 1266 2868 ‘
1282 2849 1348 2884 de)

403 2902 458 2944 (4)
488 2902 602 2935 ‘Vero
616 2902 645 2944 ’ς
672 2902 814 2936 Greenf.
837 2902 919 2947 Req.
