1915 3068
63 148 91 192 4

58 277 246 308 establishes

58 317 205 346 Wilfrith

57 357 91 385 in
107 357 194 394 place
208 357 242 386 of

57 396 115 425 the
131 396 218 425 Scot—

57 436 123 465 tish
134 436 257 465 monks.

54 616 79 634 c.
95 614 163 636 Α.11.
179 608 247 637 657.

45 1217 113 1238 Λ.11.
128 1210 197 1238 661.

44 1263 240 1293 Alchfrith’s

43 1303 211 1332 donations

43 1346 76 1371 to
89 1342 245 1378 wilfrith,

43 1385 74 1410 at
86 1382 244 1419 Stanford,

44 1422 105 1450 and
122 1422 155 1450 in

44 1461 156 1498 Ilipou.

43 1986 214 2016 wilfrith's

45 2027 233 2065 popularity.

43 2122 68 2139 c.
84 2118 151 2138 ΑΛ).
166 2111 234 2140 6033.

46 2165 93 2204 By
110 2169 236 2202 rcquest

44 2207 77 2233 of
92 2204 178 2241 Klng

43 2245 165 2280 Oswiu,

787 158 1064 192 MEMORIALS
1100 159 1159 192 OF
1194 159 1339 193 RIPON
1345 183 1353 191 .

292 269 534 310 doctrinam
571 270 904 310 ecclesiasticam
939 271 1118 322 adierat,
1150 275 1196 312 et
1231 272 1345 325 apud
1379 271 1624 312 Dalfinum¹
1659 272 1822 314 archie-

292 334 515 387 piscopum
538 334 776 375 Galliarum
808 335 1015 389 Lugduni
1045 335 1236 375 multum
1266 336 1471 389 temporis
1503 340 1663 390 egerat,
1685 351 1711 376 a
1738 351 1823 390 quo

292 399 425 438 etiam
460 402 647 438 tonsurae
684 399 983 439 ecclesiasticae
1018 412 1216 439 coronam
1258 403 1517 453 susceperat,
1553 399 1683 454 hujus
1724 401 1823 440 doc-

290 462 452 502 trinam
491 463 690 502 omnibus
733 462 979 503 Scottorum
1020 463 1326 504 traditionibus
1371 464 1472 518 jure
1512 464 1822 518 praeferendam

291 527 477 568 sciebat:
522 528 637 567 unde
675 528 715 567 ei
752 528 884 567 etiam
921 528 1152 568 donaverat
1187 530 1496 569 monasterium
1538 530 1823 583 quadraginta

289 590 581 630 familiarum²
621 592 668 630 in
708 591 800 631 loco
841 592 912 644 qui
956 592 1117 632 dicitur
1157 591 1413 646 Inhrypum,
1450 607 1579 646 quem
1620 593 1823 633 videlicet

288 655 430 695 locum
452 655 578 708 paulo
600 659 702 695 ante
724 656 785 695 eis
807 656 881 709 qui
915 655 1081 696 Scottos
1113 657 1403 709 sequebantur
1432 657 1479 696 in
1510 658 1821 710 possessionem

288 720 535 759 monasterii
557 719 747 759 dederat.
812 719 895 760 Sed
909 720 1009 773 quia
1029 720 1093 759 illi
1114 721 1389 773 postmodum
1405 721 1506 760 data
1529 721 1610 760 sibi
1632 722 1820 774 optione,

286 784 423 837 magis
444 784 535 823 1000
556 784 705 823 cedere
727 797 857 836 quam
879 797 999 823 suam
1020 788 1188 823 mutare
1220 784 1577 824 consuetudinem
1599 784 1818 835 volebant,

286 848 407 887 dedit
429 861 528 888 eum
549 847 613 887 illi
635 848 711 901 qui
732 847 910 902 dignam
930 847 1021 887 1000
1043 851 1087 888 et
1108 848 1348 888 doctrinam
1369 846 1563 899 haberet,
1584 852 1630 889 at
1650 849 1799 888 vitam.

539 1026 879 1062 ALGHFRITH’S
911 1026 1168 1061 DONATION
1171 1026 1196 1062 S
1229 1026 1291 1062 TO
1324 1026 1566 1062 WILFRID.

683 1112 831 1147 EDDIUS
852 1112 1028 1157 (Aedde),
1053 1112 1135 1147 Vita
1158 1112 1326 1160 Wffridi‚
1342 1112 1417 1147 viii.

371 1189 538 1229 Deinde
560 1191 788 1242 postquam
810 1188 863 1228 de
885 1189 955 1228 die
978 1189 1025 1228 in
1058 1189 1174 1229 diem
1194 1189 1311 1229 inter
1333 1202 1402 1229 eos
1423 1189 1664 1243 augebatur
1685 1202 1820 1240 amor,

283 1252 552 1294 Alchfrithus
585 1253 703 1293 dedit
737 1253 927 1306 primum
960 1252 1116 1293 Sancto
1143 1252 1367 1293 Wilfritho
1398 1253 1627 1293 confessori
1658 1256 1818 1293 terram

280 1319 430 1358 decem
460 1317 811 1358 tributariorum3
842 1317 920 1356 AEt
942 1316 1197 1368 Stanforda,⁴
1221 1321 1266 1357 et
1291 1320 1388 1371 post
1418 1317 1646 1371 paululum
1677 1330 1818 1357 coeno-

278 1383 400 1423 bium
432 1383 479 1421 in
520 1382 696 1434 Hrypis,
733 1394 833 1420 cum
863 1384 978 1420 terra
1008 1381 1192 1435 triginta
1222 1381 1526 1432 mansionum,5
1557 1394 1633 1434 pro
1663 1381 1817 1420 animae

279 1460 368 1486 suae
389 1445 594 1495 remedio,
617 1445 828 1484 concessit
849 1445 902 1494 ei,
926 1447 970 1484 et
991 1444 1119 1484 abbas
1151 1445 1371 1485 ordinatus
1394 1447 1472 1484 est.
1534 1444 1632 1485 Jam
1653 1448 1816 1495 autem,

279 1511 390 1550 sicut
431 1510 470 1549 ei
507 1509 651 1549 saeculi
687 1507 818 1562 hujus
851 1508 940 1547 lata
977 1507 1114 1562 janua
1149 1522 1224 1562 per
1265 1508 1496 1548 Dominum
1543 1509 1816 1561 aperiebatur

277 1578 322 1614 et
362 1588 439 1627 per
473 1573 681 1614 Sanctum
721 1572 904 1613 Petrum
945 1572 1216 1625 Apostolum,
1257 1573 1321 1612 ita
1360 1572 1478 1627 large
1518 1572 1733 1612 crescebat
1775 1574 1814 1612 ei

275 1643 396 1692 porta
417 1641 566 1691 aperta
588 1637 959 1690 eleemosynarum
981 1650 1057 1690 pro
1086 1636 1271 1676 Domino
1292 1637 1338 1676 in
1369 1650 1591 1690 pauperes,
1613 1637 1814 1690 pupillos,

274 1717 321 1742 ac
353 1703 516 1752 viduas,
548 1702 749 1754 omnique
781 1701 989 1754 languore
1020 1700 1288 1740 infirmitatis
1318 1700 1554 1755 colligatos,
1584 1701 1814 1741 ostendens

275 1767 499 1820 perspicue
522 1765 626 1819 quid
647 1765 791 1804 animo
812 1764 992 1819 gerebat
1013 1765 1057 1803 in
1079 1768 1348 1818 paupertate.
1395 1765 1503 1804 Ecce
1519 1764 1626 1817 jam,
1647 1764 1814 1815 fratres,

275 1831 420 1871 videte
443 1833 488 1870 et
509 1828 782 1869 admiramini
803 1841 934 1881 quam
956 1841 1165 1881 magnum
1185 1828 1347 1867 bonum
1360 1828 1478 1868 Deus
1495 1828 1589 1882 regi
1603 1828 1814 1879 concedit,

276 1895 350 1948 qui
372 1894 541 1934 invenit
561 1893 716 1933 bonam
737 1892 1026 1945 margaritam,
1050 1895 1094 1931 et
1117 1892 1264 1931 statim
1289 1892 1381 1931 sine
1413 1905 1530 1931 mora
1551 1892 1814 1945 comparavit

277 1973 385 1998 eam.
446 1958 544 1997 Non
577 1956 717 1997 solum
747 1960 895 1995 autem
917 1954 1186 1995 Alchfrithus
1217 1969 1289 1995 rex
1312 1955 1520 1996 Sanctum
1541 1954 1813 1995 Wilfrithum

276 2022 476 2062 abbatem
517 2021 753 2074 diligebat3
786 2020 859 2059 sed
902 2020 1040 2059 omnis
1074 2019 1272 2072 populus,
1305 2019 1473 2059 nobiles
1508 2022 1553 2059 et
1585 2019 1813 2073 ignobiles,

279 2101 380 2126 eum
395 2085 613 2126 habebant
635 2085 755 2137 quasi
779 2082 1033 2136 prophetam
1054 2083 1150 2134 Dei,
1168 2086 1219 2123 ut
1241 2086 1348 2123 erat.
1395 2082 1519 2138 (Cap.
1542 2081 1620 2138 ix.)
1653 2083 1705 2122 In
1727 2083 1814 2123 illis

279 2154 426 2191 autem
457 2149 611 2189 diebus
642 2149 819 2187 veniens
851 2145 1198 2200 AEgelberchtUS,
1231 2147 1454 2200 episcopus
1485 2147 1812 2197 transmarinus,

280 2215 333 2255 ad
354 2227 502 2269 regem
534 2212 676 2253 Oswiu
707 2215 751 2251 et
781 2211 835 2251 ad
865 2209 1158 2250 Alchfrithmn
1188 2210 1328 2250 filium
1360 2210 1467 2263 ejus,
1489 2210 1681 2249 visitavit
1712 2223 1782 2249 003
1799 2224 1811 2258 ;

355 2334 412 2377 (1)
440 2332 478 2366 It
506 2331 534 2365 is
563 2330 737 2376 supposed
763 2329 845 2363 that
862 2328 974 2363 Baeda
992 2328 1062 2363 and
1087 2328 1209 2362 others
1228 2327 1320 2362 have
1345 2325 1514 2362 confused
1540 2326 1812 2369 Annemundus,

284 2385 512 2429 Archbishop
529 2383 569 2417 of
584 2383 716 2428 Lyons,
732 2382 824 2416 with
844 2380 901 2415 his
916 2380 1061 2415 brother
1086 2380 1261 2422 Dalfinus,
1279 2379 1401 2414 Oount
1418 2378 1459 2413 of
1480 2378 1562 2412 that
1587 2379 1676 2423 city,
1694 2389 1733 2412 as
1749 2378 1811 2413 the

284 2440 405 2484 Lyons
422 2437 520 2471 Fasti
537 2435 680 2470 contain
697 2446 743 2469 no
769 2434 953 2476 Dalfinus3
979 2438 1073 2467 most
1098 2433 1210 2478 likely
1227 2435 1236 2452 ‘
1251 2431 1433 2466 Dalfinus‘
1450 2431 1481 2465 is
1497 2430 1559 2464 the
1584 2431 1693 2465 Latin
1720 2430 1812 2465 form

283 2491 323 2524 of
344 2503 365 2525 a
381 2501 565 2535 cnfflzomen
581 2499 746 2522 common
763 2491 800 2521 to
817 2486 878 2520 the
904 2490 978 2520 two
1002 2484 1295 2520 brothers—See
1320 2483 1462 2519 Raine's
1480 2483 1686 2517 Ifistorians
1703 2483 1746 2530 qf
1756 2484 1812 2518 the

288 2543 423 2578 C'lmrelt
441 2541 484 2588 of
501 2541 609 2584 York,
625 2539 647 2574 i.
666 2540 700 2584 G,
717 2551 765 2582 n„
783 2539 852 2572 and
871 2537 1020 2572 Smith's
1037 2538 1160 2580 Bceda,
1177 2549 1211 2583 p.
1231 2537 1312 2579 750,
1330 2537 1387 2570 35.

357 2595 412 2638 (2)
441 2596 450 2613 ‘
464 2592 634 2627 Familia’
651 2591 681 2626 13
697 2603 718 2626 a
736 2590 844 2625 Latin
863 2590 1067 2636 equivalent
1082 2589 1123 2624 of
1137 2590 1198 2624 the
1209 2589 1270 2623 old
1287 2588 1439 2633 English
1457 2587 1519 2622 hid
1537 2598 1576 2621 or
1593 2587 1680 2632 115-d,
1695 2599 1715 2621 a
1729 2587 1810 2622 hide

281 2647 322 2681 of
341 2647 437 2689 land,
467 2646 529 2679 the
558 2648 707 2679 amount
734 2643 911 2677 sufficient
940 2642 995 2676 for
1024 2642 1086 2676 the
1112 2645 1262 2687 support
1291 2640 1331 2675 of
1353 2652 1419 2676 one
1447 2639 1811 2685 family.-Kemble's

280 2702 414 2733 »S'oerons
431 2699 468 2732 in
485 2697 664 2741 Enyland,
682 2696 703 2730 i.
723 2696 755 2730 4.
807 2694 852 2728 In
868 2694 1042 2739 referring
1060 2698 1097 2728 to
1116 2693 1187 2728 this
1203 2697 1310 2739 grant
1335 2692 1527 2727 elsewhere
1544 2693 1594 2736 (v.
1615 2692 1677 2736 19)
1696 2692 1810 2726 Baeda

279 2764 358 2786 savs
377 2755 384 2771 ‘
399 2750 548 2794 triginta
565 2747 800 2790 familiarum,’
817 2747 887 2781 and
905 2746 1046 2781 Eddius
1063 2757 1143 2791 says
1160 2748 1169 2765 ‘
1183 2745 1332 2790 triginta
1350 2744 1597 2779 mansionum!

318 2790 327 2797 .
353 2805 409 2846 (3)
437 2794 589 2836 Persons
606 2800 746 2847 subiect
763 2803 802 2834 to
819 2799 953 2834 tribute
972 2810 1009 2832 as
1026 2798 1250 2832 frecholders.

353 2857 408 2897 (4)
437 2856 469 2887 Α
487 2854 587 2899 place
605 2857 668 2887 not
684 2858 743 2898 yet
764 2851 957 2886 identified.
1008 2850 1074 2885 See
1091 2849 1234 2885 Raine‘s
1252 2853 1347 2884 note.

353 2908 408 2949 (ὃ)
436 2907 511 2940 Tho
529 2917 625 2940 same
644 2916 683 2939 as
701 2907 709 2923 ‘
723 2904 938 2938 familiarum
954 2903 984 2943 ’ς
1002 2914 1057 2936 sec
1075 2906 1157 2936 note
1174 2903 1206 2936 2.
