1915 3068
395 154 628 188 EXCERPTS
665 154 793 188 FROM
830 153 1134 197 CIIRONICLES,
1172 154 1267 187 ETC.

147 296 156 309 .
191 297 201 309 .
235 297 245 308 .
277 266 361 308 Pro
383 266 671 307 infidelitate¹
706 265 1131 307 Northimbrensium
1163 266 1362 320 egregius
1393 278 1465 305 rex
1498 264 1586 304 An-

56 331 225 386 glorum
246 332 441 372 Edredus
458 335 594 371 totam
612 330 951 371 Northimbriam
966 331 1160 370 devastat
1177 346 1187 371 ε
1221 331 1265 370 111
1288 344 1371 383 qua
1392 330 1587 369 devasta-

56 397 172 436 tione
196 396 503 435 monasterium
536 396 648 448 quod
670 395 829 435 dicitur
859 395 904 434 in
935 393 1126 447 Rhipun,
1157 408 1181 433 a
1214 394 1369 434 Sancto
1390 393 1589 432 wilfrido

57 461 254 513 episcopo
269 460 484 513 quondam
498 463 810 509 constructum,
826 459 927 513 igne
951 462 1017 498 cst
1030 459 1318 498 combustum.
1361 457 1587 497 Redeunte

57 538 156 564 vero
184 524 359 563 domum
392 537 507 577 rege,
531 524 743 563 exercitus
772 523 824 562 de
858 523 1044 562 Eboraca
1075 536 1307 575 erumpens
1329 522 1520 571 civitate,
1542 522 1587 560 in

56 587 147 627 1000
178 588 252 640 qui
284 588 442 627 dicitur
474 586 747 636 Casterford,2
778 587 830 627 de
863 590 1055 626 extrema
1085 590 1206 639 parte
1239 587 1452 625 exercitus
1474 586 1588 639 regis

57 651 240 693 multam
263 654 451 705 stragem
473 651 608 690 dedit.
671 650 795 690 Unde
828 664 902 689 rex
933 651 1063 689 nimis
1085 649 1291 700 offensus,
1313 649 1452 689 voluit
1474 649 1588 688 illico

57 715 210 765 redire,
243 719 288 754 et
328 719 466 754 totam
507 714 625 754 illam
666 718 826 754 terram
868 715 1043 767 penitus
1085 714 1242 754 delere.
1304 714 1468 753 Verum
1508 711 1587 752 1100

56 779 230 833 cognito
261 777 641 818 Northimbrenses
673 779 827 818 timore
870 778 1104 831 perterriti,
1137 777 1314 828 Ircum,³
1344 791 1473 830 quem
1507 776 1587 815 sibi

57 856 205 897 regem
227 842 517 895 praefecerant,
539 841 806 895 abjecerunt,
828 842 941 895 regis
974 840 1153 895 injurias
1184 839 1431 891 honoribus,
1454 841 1588 880 detri-

56 910 204 947 menta
234 907 487 947 muneribus
520 906 816 960 expleverunt,
839 905 1019 959 ejusque
1050 905 1258 945 offensam
1290 906 1473 959 pecunia
1503 918 1589 945 non

56 971 225 1010 modica
246 971 538 1024 placaverunt.

56 1066 179 1100 Ensr.
199 1065 235 1101 S.
257 1066 401 1101 Onoms
426 1075 470 1100 m
495 1065 628 1100 me
654 1065 892 1101 XVILFREDI.⁴
920 1065 1041 1110 (York
1059 1065 1276 1109 Historiam,
1294 1064 1316 1100 i.
1338 1065 1428 1100 106:
1456 1065 1590 1110 Anylz'a

686 1119 808 1162 Sacra,
825 1118 858 1152 ii.
879 1118 955 1162 50.)

145 1184 286 1238 Igitur
332 1183 675 1224 venerabillimas
722 1184 846 1223 Beati
895 1183 1156 1224 Confessoris
1200 1181 1359 1224 Christi
1402 1182 1589 1222 wilfridi

56 1248 257 1302 reliquias
299 1248 520 1288 indecenti
560 1249 782 1288 senticosae
819 1248 1033 1302 voraginis
1068 1248 1156 1287 situ
1189 1248 1410 1298 marcidas,
1442 1247 1589 1298 immo,

56 1312 169 1365 quod
190 1312 311 1352 dictu
340 1325 508 1365 quoque
534 1312 837 1351 meticulosum
858 1316 938 1362 est,
961 1311 1234 1365 praelatorum
1265 1309 1588 1364 horripilatione

55 1376 290 1430 neglectas,
311 1389 410 1415 cum
432 1375 533 1415 inde
555 1375 726 1415 favente
759 1376 849 1415 Deo
881 1375 1046 1415 scilicet
1076 1388 1101 1414 a
1131 1375 1222 1414 loco
1254 1374 1467 1428 sepulchri
1495 1373 1588 1427 ejus

56 1440 230 1492 quidam
251 1439 592 1489 transtulissent,
614 1444 861 1479 reverenter
883 1439 1046 1492 excepi,
1068 1443 1197 1492 atque
1230 1439 1345 1478 intra
1375 1439 1589 1479 ambitum

55 1503 410 1556 metropolitanae,
453 1504 523 1542 cui
563 1504 704 1557 gratia
745 1503 826 1543 Dei
877 1503 1099 1556 praesideo,
1141 1502 1331 1542 ecclesiae
1373 1502 1588 1553 collocavi,

56 1568 293 1620 praesertim
326 1570 506 1621 cogente
539 1567 612 1606 illo
645 1567 931 1621 Evangelistae
963 1567 1228 1616 testimonio,
1260 1580 1356 1606 meo
1388 1566 1590 1606 videlicet

55 1631 334 1684 apologetico.
396 1631 506 1679 Quia
535 1629 793 1685 ubicunque
815 1629 966 1685 fuerit
997 1643 1175 1685 corpus,
1198 1629 1589 1684 congyreyabzmtur

58 1697 95 1734 et
114 1693 294 1749 aquiloe.

92 1829 454 1866 TRANSLATION
489 1830 551 1865 OF
584 1831 652 1865 ST.
688 1829 992 1865 WILFRITH’S
1025 1829 1160 1865 BODY
1193 1830 1261 1865 AT
1295 1829 1449 1865 RIPON
1484 1830 1552 1864 BY

519 1886 852 1922 AROHBISHOP
886 1886 1118 1921 OSWALD.

258 1957 359 1991 Vim
386 1956 422 1991 S.
449 1956 624 1991 OSWALDI
650 1956 832 1990 AUCTORE
858 1955 1065 1998 Anoxnso,
1084 1966 1166 2000 pars
1183 1966 1216 1990 v.
1234 1966 1267 2000 p.
1286 1955 1385 1990 462⁵

149 2026 369 2067 oswaldus
392 2040 490 2066 vero
512 2027 698 2079 impiger
719 2025 844 2065 miles
878 2024 1035 2066 Christi
1058 2039 1134 2065 sua
1165 2026 1292 2065 ovilia
1322 2026 1586 2079 perlustrans

56 2092 250 2143 pervenit>
271 2091 464 2145 gaudens
485 2090 538 2129 ad
560 2090 718 2130 moenia
738 2090 985 2129 monasterii
999 2089 1113 2142 quod
1136 2089 1299 2129 dictum
1323 2095 1389 2130 est
1411 2090 1585 2143 Ripum,

56 2155 166 2207 quod
189 2159 293 2195 tunc
324 2155 518 2195 dirutum
553 2157 658 2203 erat,
681 2153 895 2207 quondam
929 2166 1027 2192 vero
1060 2167 1085 2192 a
1120 2155 1465 2194 reverentissimo
1497 2156 1586 2194 viro

56 2217 253 2259 Wilfrido
289 2218 514 2258 celebriter
550 2221 860 2256 constructum.
934 2218 1127 2270 Cumque
1161 2217 1322 2257 ibidem
1365 2219 1585 2258 insisteret

57 2282 235 2332 actibus,
257 2295 333 2335 per
353 2282 537 2336 gratiam
559 2282 702 2320 omnia
723 2281 938 2320 cernentis
962 2280 1192 2320 Salvatoris
1223 2282 1391 2321 invenit
1412 2280 1585 2321 thesau-

56 2357 151 2384 rum
174 2346 473 2386 absconditum
505 2345 580 2384 diu
612 2344 877 2393 mortalibus,
899 2357 1028 2396 quem
1060 2357 1165 2396 puro
1197 2344 1321 2384 corde
1354 2349 1398 2385 et
1429 2344 1585 2385 humili

57 2415 201 2449 mente
224 2425 246 2449 e
268 2410 392 2449 terris
415 2409 586 2448 levavit.
650 2408 825 2447 Invenit
852 2412 999 2446 autem
1031 2408 1223 2460 praesulis
1245 2409 1371 2448 beata
1393 2410 1586 2450 membra

56 2473 151 2525 pius
172 2477 306 2526 pater,
327 2474 397 2512 cui
419 2487 493 2525 pro
515 2473 680 2511 meritis
704 2485 967 2511 summorum
989 2476 1165 2510 actuum
1186 2472 1465 2526 gubernatrix
1487 2475 1585 2513 vitae

57 2548 142 2575 suae
184 2537 338 2577 Sancta
377 2537 494 2576 Deus
535 2537 723 2575 Trinitas
763 2535 866 2575 talia
907 2536 1117 2575 concessit
1157 2536 1349 2576 invenire
1391 2550 1584 2577 munera.

58 2598 191 2640 Erant
213 2604 257 2641 et
278 2599 338 2640 hii
361 2600 534 2653 pretiosi
560 2599 735 2639 abbates
761 2598 888 2652 juxta
920 2611 1019 2638 eum
1041 2600 1186 2651 positi,
1208 2614 1389 2652 quorum
1412 2601 1586 2640 nomina

129 2700 183 2743 (l)
207 2700 277 2734 Per
293 2699 552 2742 infidelitatem,
569 2710 593 2732 x
612 2699 686 2732 Sor.

129 2754 186 2797 (3)
214 2752 362 2794 Yrcum,
379 2765 403 2786 x
422 2753 496 2786 Ser.

129 2805 186 2849 (4)
212 2807 221 2824 ‘
236 2805 351 2846 Quam
377 2803 518 2849 scripsit
543 2802 709 2838 met1·ice.'
757 2803 823 2838 See
841 2802 963 2846 above,
979 2815 1014 2848 p.
1034 2804 1091 2846 38,
1109 2808 1198 2838 note.
1237 2803 1323 2838 This
1348 2807 1357 2823 ‘
1370 2804 1529 2851 Epistle'
1555 2806 1583 2841 is

59 2855 119 2890 the
136 2859 144 2875 ‘
161 2856 336 2901 Prologue
349 2857 357 2870 ’
375 2856 475 2890 there
494 2856 647 2890 referred
666 2859 714 2889 10.

129 2909 182 2953 (5)
210 2909 412 2943 Hz'slort'ans
430 2908 472 2954 ⁰f
484 2908 538 2942 the
561 2907 695 2942 (vem-cle
714 2906 757 2953 of
775 2907 882 2948 Tor-lc,
901 2907 1000 2941 vals
1018 2907 1141 2951 Series,
1159 2907 1232 2941 vol.
1252 2906 1274 2942 i.

833 2699 889 2742 (2)
917 2697 1117 2741 Catessord,
1134 2710 1158 2732 x
1176 2700 1249 2733 Ser.
1285 2698 1350 2734 See
1368 2711 1400 2745 p.
1421 2701 1480 2743 36,
1499 2712 1532 2735 η.
1551 2702 1583 2735 3.

1761 143 1819 187 41

1625 283 1692 304 ΛΑ).
1709 277 1776 306 950.

1626 331 1799 360 Northurn-

1626 370 1693 398 bria
1714 371 1783 399 har-

1625 410 1707 445 rit·‹l;
1722 410 1822 448 Ripon

1625 448 1754 479 bul-ned.

1626 597 1782 635 Fighting

1624 641 1658 665 :tt
1673 638 1794 666 Castlc-

1623 677 1703 706 sord.

1624 847 1749 876 Eadred

1623 887 1790 925 appcased.

1624 1202 1648 1222 c.
1671 1200 1738 1222 ,1.1).
1755 1193 1823 1222 952.

1624 1247 1691 1276 Odo
1705 1247 1822 1285 alleges

1624 1287 1697 1315 that
1713 1288 1752 1315 be

1625 1326 1799 1354 translated

1626 1365 1796 1394 Wilsriih’s

1625 1405 1713 1433 relies
1729 1408 1762 1433 to

1625 1444 1755 1473 Canter-

1624 1483 1714 1522 bury.

1623 1637 1669 1667 St.
1686 1637 1719 1667 M
1724 1640 1783 1668 att.

1622 1677 1715 1706 xxiV.
1732 1680 1778 1707 28.

1621 1717 1667 1746 St.
1684 1716 1774 1746 Luke

1620 1756 1700 1785 xvii.
1715 1757 1763 1785 37.

1623 2047 1689 2068 Am.
1705 2039 1763 2067 972

1623 2083 1654 2107 to
1670 2079 1737 2107 992.

1621 2133 1749 2163 oswald

1622 2183 1722 2201 comes
1739 2176 1770 2202 to

1622 2212 1736 2250 Ripon,

1621 2418 1682 2447 and
1698 2418 1780 2447 finds

1622 2458 1674 2486 tho
1687 2457 1780 2486 bones
1789 2457 1825 2486 of

1623 2496 1768 2526 wilfrith
1783 2497 1819 2532 1.‚

1622 2536 1682 2564 and
1699 2536 1732 2564 of

1620 2575 1737 2604 others.
