1915 3068
440 130 670 162 EXCERPTS
706 130 833 163 FROM
871 130 1176 173 CHRONICLES,
1214 133 1305 165 ETC.

101 243 255 283 itinere
286 242 448 282 debent
476 242 685 295 placitari,
709 245 775 282 set
800 241 1032 296 justiciarii
1063 244 1226 283 domini
1260 244 1371 296 regis
1394 256 1479 282 non
1504 242 1632 284 habe-

101 307 212 347 bunt
242 306 302 346 ibi
333 306 509 356 rotulos,
534 310 599 346 set
630 309 805 346 tantum
836 310 888 346 ut
919 307 1173 360 praedictum
1208 313 1274 347 est
1300 308 1351 347 de
1375 306 1631 360 justiciariis

98 371 344 424 assignatis,
361 370 595 424 justiciarii
628 371 793 410 domini
829 371 960 425 Regis
997 372 1209 412 sedebunt
1244 385 1343 411 cum
1379 369 1630 424 justiciariis

97 434 420 488 Archiepiscopi
445 434 498 474 ad
521 435 757 475 videndum
789 439 835 475 et
866 436 1189 476 testificandum
1220 435 1333 489 quod
1355 435 1550 488 partibus
1582 436 1632 475 fit·

91 498 285 552 justicia,
299 502 343 538 et
360 499 404 538 in
422 499 607 538 crastino
629 502 674 539 et
696 513 864 552 semper
880 504 1041 553 postea,
1058 500 1240 540 durante
1258 500 1415 539 itinere
1437 500 1483 539 in
1505 499 1632 539 liber—

97 565 187 602 tate
220 562 436 615 praedicta,
461 562 673 602 sedebunt
709 562 903 615 praedicti
931 563 1164 617 justiciarii
1195 562 1516 616 Archiepiscopi
1546 577 1632 603 una

97 640 197 666 cum
224 625 477 679 justiciariis
504 627 669 666 domini
701 627 832 680 Regis
863 627 974 667 infra
1005 628 1152 667 villam
1185 642 1260 681 pro
1292 627 1517 667 voluntate
1541 641 1631 676 sua,

99 693 182 730 etc.
245 690 321 730 Set
349 689 582 744 justiciarii
613 689 933 744 Archiepiscopi
965 691 1249 745 placitabunt,
1276 695 1358 731 etc.
1396 694 1440 731 et
1472 691 1632 731 facient

100 754 296 807 partibus
326 754 565 807 justiciam,
598 758 680 794 etc.
715 759 781 795 set
823 756 858 795 si
899 756 996 795 finis
1038 756 1259 805 levaverit,
1291 760 1372 795 etc.
1400 754 1631 808 justiciarii

100 819 267 858 domini
308 819 440 872 Regis
483 822 612 859 erunt
653 820 790 872 primo
831 820 1045 859 nominati
1087 821 1134 859 in
1174 820 1276 869 fine,
1318 824 1363 859 et
1399 819 1632 873 justiciarii

101 882 421 936 Archiepiscopi
469 883 796 936 subsequenter,
841 888 924 924 etc.
985 885 1044 924 Et
1091 885 1126 923 si
1167 884 1322 936 aliquis
1364 884 1425 923 ibi
1466 884 1632 936 positus

99 947 234 987 fuerit
264 947 311 986 in
343 947 554 1001 exigenda
583 947 637 986 ad
668 947 826 1000 placita
859 947 1046 997 Coronae,
1078 952 1176 998 etc„
1202 947 1434 1001 justiciarii
1466 948 1632 987 domini

100 1012 245 1065 Regis,
267 1011 395 1051 simul
417 1025 516 1051 cum
532 1010 787 1064 justiciariis
819 1011 1139 1065 Archiepiscopi
1169 1010 1249 1051 hoc
1280 1011 1632 1062 recordabuntur,

98 1079 180 1116 etc.
214 1079 258 1115 et
288 1076 464 1115 nomina
495 1090 643 1115 eorum
674 1076 749 1129 qui
781 1077 840 1116 sic
871 1077 1060 1129 ponendi
1093 1080 1193 1116 sunt
1235 1077 1280 1115 in
1312 1077 1519 1130 exigenda
1552 1076 1632 1115 sub

101 1140 255 1194 sigillis
290 1154 438 1180 eorum
475 1140 775 1180 liberabuntur
804 1141 1124 1180 coronatoribus
1153 1141 1400 1190 comitatus,
1433 1144 1512 1180 etc.
1575 1141 1634 1180 Et,

101 1205 146 1243 in
188 1205 399 1243 comitatu
426 1205 511 1244 isto
543 1205 787 1257 exigentur,
825 1208 906 1245 etc.
969 1205 1023 1245 Et
1067 1205 1143 1244 fiet
1184 1205 1237 1244 de
1269 1205 1331 1244 eis
1365 1205 1476 1244 sicut
1508 1218 1634 1257 supe-

100 1269 190 1308 rius
226 1268 392 1308 dictum
426 1271 492 1308 est
523 1268 576 1308 de
613 1268 870 1308 liberacione
907 1269 1039 1323 gaolae
1071 1269 1125 1309 de
1156 1269 1396 1322 appellatis,
1433 1276 1515 1308 etc.
1577 1269 1634 1308 Et

100 1333 245 1372 omnia
265 1333 611 1383 amerciamenta,
634 1333 789 1383 exitus,
807 1332 1100 1383 forisfacturae,
1123 1333 1245 1383 fines,
1263 1333 1417 1372 catalla
1439 1333 1633 1372 felonum

101 1400 147 1436 et
178 1396 474 1450 fugitivorum,
505 1400 586 1436 etc.
622 1396 734 1436 infra
767 1397 1012 1437 libertatem
1048 1411 1168 1437 snam
1200 1397 1391 1446 inventa,
1415 1400 1459 1436 et
1490 1397 1634 1436 onmia

101 1460 185 1500 alia
213 1461 400 1513 proficua
425 1461 697 1515 emergencia
723 1461 776 1501 de
808 1460 1059 1514 hujusmodi
1080 1461 1264 1515 placitis,
1287 1462 1333 1500 in
1364 1475 1466 1500 usus
1498 1461 1634 1514 ipsius

101 1523 423 1578 Archiepiscopi
463 1528 783 1565 convertentur.
857 1526 915 1565 Et
956 1539 1040 1578 quo
1081 1525 1133 1565 ad
1165 1524 1244 1565 hoc
1285 1525 1399 1578 quod
1440 1525 1634 1564 contine-

101 1591 174 1628 tur
203 1589 250 1628 in
287 1589 406 1629 brevi
437 1590 550 1642 quod
582 1589 739 1629 clamat
772 1593 983 1630 recettare
1016 1589 1193 1640 felones,
1235 1594 1332 1639 etc.,
1373 1590 1478 1629 dicit
1520 1589 1635 1643 quod

100 1653 192 1706 ipse
224 1653 382 1693 clamat
408 1654 460 1693 ab
489 1655 668 1707 antiquo
696 1654 811 1707 quod
838 1655 873 1694 si
899 1654 1052 1707 aliquis
1080 1653 1296 1694 homicida
1327 1655 1494 1694 venerit
1525 1653 1635 1694 infra

100 1716 329 1756 banlucam
351 1718 465 1770 apud
487 1716 775 1757 Beverlacum
797 1718 864 1757 vel
886 1718 1000 1771 apud
1022 1717 1240 1772 Rypozm,
1258 1722 1302 1757 et
1319 1719 1568 1771 cognoverit
1590 1732 1634 1758 se

99 1781 387 1821 commississe
419 1780 717 1831 homicidium,
739 1785 821 1821 etc.
856 1781 1003 1821 ballivi
1034 1782 1170 1835 ipsius
1202 1780 1538 1835 Archiepiscopi,
1567 1796 1636 1821 ac-

100 1849 225 1898 cepto
246 1845 297 1885 ab
319 1846 411 1898 ipso
434 1849 702 1885 sacramento
725 1845 964 1885 secundum
986 1846 1364 1895 consuetudinem,
1388 1850 1468 1885 etc.
1491 1846 1636 1898 ipsum

99 1909 329 1962 recipiunt,
352 1913 433 1949 etc.
456 1913 501 1949 et
523 1910 764 1950 remanebit
796 1909 907 1948 infra
938 1910 1188 1949 libertatem
1215 1910 1479 1962 praedictam,
1504 1915 1569 1949 sets
1602 1911 1637 1949 si

102 1973 286 2026 suspicio
309 1974 365 2013 sit
385 1974 438 2013 de
460 1987 510 2013 eo
532 1974 584 2013 de
606 1973 689 2013 alio
711 1973 954 2024 malefacto,
977 1978 1059 2014 etc.
1079 1974 1135 2013 sit
1157 1974 1210 2013 de
1234 1988 1283 2013 eo
1307 1974 1417 2013 sicut
1440 1975 1637 2027 superius

99 2036 267 2076 dictum
289 2042 356 2076 est
377 2037 430 2076 de
452 2037 546 2076 aliis
569 2038 705 2090 captis
729 2042 774 2077 et
804 2038 1096 2090 imprisonatis
1129 2038 1173 2077 in
1196 2038 1400 2091 przedicta
1421 2038 1636 2087 libertate,

101 2103 184 2140 etc.
214 2104 259 2141 et
289 2100 394 2140 alios
426 2100 735 2152 malefactores,
758 2115 837 2141 nec
869 2102 954 2142 alio
976 2102 1101 2142 modo
1133 2102 1289 2142 clamat
1318 2116 1390 2142 eos
1412 2106 1636 2152 recettare,

101 2165 199 2205 etc.¹
235 2195 423 2206 .....

232 2347 619 2383 CONSECRATION
653 2349 715 2383 OF
748 2349 853 2383 THE
889 2349 1074 2384 BISIIOP
1107 2349 1169 2384 OF
1204 2350 1517 2386 GALLOWAY.

519 2435 745 2468 CHRONICON
772 2444 820 2467 DE
847 2434 1079 2478 mezcosr,
1097 2447 1130 2480 p.
1152 2435 1230 2469 154.

191 2513 244 2552 In
265 2512 376 2553 festo
398 2512 605 2553 Omnium
628 2513 883 2553 Sanctorum
907 2512 1036 2568 [Nov.
1063 2512 1107 2569 1]
1132 2515 1318 2555 dilectus
1349 2516 1428 2555 Dei
1451 2516 1638 2555 antistes

104 2590 155 2616 ex
176 2576 255 2617 hac
276 2577 370 2616 luce
392 2578 582 2626 recessit,
606 2578 818 2616 Henricus
841 2577 1142 2627 Galwicensis3
1165 2580 1234 2618 cui
1253 2581 1457 2619 successit
1474 2580 1638 2633 Magis-

103 2645 170 2680 ter
210 2640 395 2681 Thomas
437 2642 490 2681 de
532 2642 735 2692 Daltoun,
777 2647 1049 2683 consecratus
1090 2644 1204 2696 apud
1236 2644 1408 2697 Ripoun
1444 2644 1488 2683 in
1527 2643 1638 2683 festo

105 2705 423 2758 Assumptionis
444 2705 705 2745 beatissimae
728 2706 921 2760 Virginis
944 2704 1077 2761 [Aug.
1104 2705 1195 2761 15].

178 2838 229 2882 (l)
259 2837 332 2872 The
351 2842 421 2872 rest
438 2837 566 2872 relates
585 2842 619 2872 to
638 2838 742 2872 other
767 2838 883 2884 places
900 2837 938 2872 in
956 2837 1165 2882 Yorkshire,
1187 2850 1252 2883 eg.
1272 2838 1499 2883 Pati-ington‚
1517 2838 1638 2884 Otley,

107 2889 298 2934 Sherburn,
317 2891 385 2924 and
404 2890 508 2925 Hull.

1806 124 1862 170 71

1671 1602 1861 1642 Sanctuary.

1672 2535 1742 2557 ΑΛ).
1761 2529 1847 2556 1293.

1673 2583 1738 2611 The
1755 2583 1872 2620 Bishop

1673 2624 1707 2651 of
1725 2623 1832 2651 Gallo-

1673 2671 1745 2699 way
1761 2671 1867 2690 conse-

1674 2701 1782 2730 crated
1801 2705 1834 2729 at.

1676 2740 1787 2778 Ilipou-
