1915 3068
423 161 655 194 EXCERPTS
691 160 818 193 FROM
856 158 1160 200 CHRONICLES,
1199 158 1292 189 13'1'0.

88 276 99 296 ‘
118 273 302 314 Obsecro
323 273 395 324 te,'
415 274 573 327 inquit,
595 276 606 296 ⁴
623 273 786 323 Frater,
809 271 984 320 reficias,
1006 271 1110 310 dum
1142 270 1310 309 rediens
1344 282 1497 321 panem
1520 267 1620 306 cali-

88 339 191 378 dum
212 338 370 388 adfero,
394 352 516 391 spero
554 339 668 378 enim
703 338 803 390 quia
831 337 921 390 jam
956 336 1064 375 cocti
1101 338 1204 375 sunt
1241 332 1394 373 niodo)
1456 333 1511 370 At
1544 331 1618 370 ubi

88 402 232 451 rediit,
255 416 339 442 non
362 403 531 442 invenit
553 401 767 456 hospitem
790 415 918 455 quem
942 399 1143 440 edentem
1166 399 1412 451 reliquerat,
1428 396 1617 449 explorat

88 467 272 520 vestigia
302 480 386 519 quo
415 467 512 516 iret,
537 466 609 506 sed
641 465 759 505 nulla
791 466 956 518 uspiam
988 464 1141 513 cernit,
1164 477 1311 502 recens
1333 465 1478 501 autem
1511 459 1621 498 nivis

88 534 247 570 terram
289 534 468 580 texerat,
506 544 601 583 quae
643 529 846 569 facillime
885 529 1044 568 viantis
1080 528 1165 567 iter
1206 526 1419 579 proderet,
1457 529 1501 563 et
1538 536 1622 575 quo

88 594 339 644 declinaret,
362 598 635 635 monstraret.
700 592 977 647 stupefactus
1000 605 1101 646 ergo
1119 592 1182 630 vir
1204 591 1392 638 Domini,
1411 593 1453 628 et
1477 601 1622 627 secum

89 672 282 711 quaerens
303 659 355 698 de
376 658 488 698 facto
509 659 698 712 reposuit
720 671 910 698 mensam
928 657 973 695 in
996 656 1198 695 conclavi.
1262 654 1383 702 Quod
1406 654 1622 706 ingressus

89 723 293 761 continuo
307 722 476 762 obviam
494 721 646 762 habuit
661 723 760 762 miri
775 722 914 762 odoris
931 720 1226 774 fragrantiam.
1265 716 1623 770 Circumspiciens

89 790 236 826 autem
259 787 373 827 unde
396 790 508 827 esset
529 791 622 826 orta
643 791 763 826 tanta
785 787 924 826 odoris
957 785 1158 834 suavitas,
1182 783 1288 823 vidit
1317 782 1443 836 juxta
1464 781 1623 834 positos

88 854 176 891 tres
198 865 328 904 panes
349 851 519 901 calidos,
540 852 704 891 insoliti
725 851 918 891 candoris
945 852 991 888 et
1019 849 1184 902 gratiae.
1247 847 1500 899 Pavensque
1521 843 1624 883 talia

91 929 235 955 secum
257 915 462 968 loquitur,
485 915 648 955 ‘Cerno
679 915 792 968 quod
824 913 1014 967 Angelus
1048 912 1129 951 Dei
1160 915 1250 951 erat
1281 923 1410 963 quem
1442 908 1623 961 suscepi,

89 993 275 1033 pascere,
297 993 382 1019 non
405 980 519 1032 pasci
541 980 732 1028 veniens,
747 992 801 1018 en
824 991 954 1030 panes
968 976 1119 1016 attulit
1141 975 1285 1029 quales
1307 978 1421 1014 terra
1442 973 1621 1027 gignere

89 1044 256 1097 nequit.
317 1043 428 1083 Nam
451 1046 495 1083 et
516 1043 607 1083 lilia
628 1043 822 1092 candore,
846 1045 888 1081 et
911 1054 1027 1080 rosas
1059 1040 1200 1088 odore,
1223 1041 1269 1078 et
1290 1037 1418 1078 mella
1449 1036 1622 1090 praecel-

89 1106 188 1146 lunt
211 1120 370 1160 sapore.
434 1107 560 1147 Unde
583 1111 750 1147 constat
772 1107 871 1160 quia
893 1118 979 1145 non
1001 1104 1134 1144 densa
1165 1103 1321 1142 tellure
1354 1102 1451 1152 orti,
1475 1101 1548 1140 sed
1569 1101 1621 1140 de

89 1171 282 1223 paradiso
316 1171 549 1224 voluptatis
585 1171 704 1211 allati
740 1174 853 1210 sunt.
916 1169 956 1208 N
960 1183 1006 1209 ec
1040 1168 1199 1207 mirum
1236 1166 1350 1219 quod
1385 1165 1533 1218 epulas
1576 1166 1621 1204 in

89 1235 215 1275 terris
238 1249 406 1275 sumere
428 1236 640 1289 respuerit
671 1234 895 1284 humanas,
917 1234 992 1287 qui
1013 1236 1174 1273 aeterno
1200 1232 1300 1270 vitae
1331 1243 1440 1283 pane
1462 1228 1622 1268 fruitur

90 1298 136 1337 in
157 1299 300 1339 coelis.'
360 1299 514 1353 Itaque
539 1300 603 1339 vir
625 1300 800 1339 Domini
822 1299 875 1338 de
898 1301 1068 1338 ostensa
1096 1295 1292 1335 miraculi
1324 1294 1484 1334 virtute
1507 1305 1619 1331 com-

89 1366 277 1416 punctus
308 1363 514 1418 majorem
535 1378 586 1404 ex
608 1378 657 1404 eo
679 1365 892 1404 virtutum
923 1361 1120 1416 operibus
1152 1373 1296 1400 curam
1328 1357 1618 1411 impendebat.

91 1426 392 1468 Crescentibus
406 1431 553 1468 autem
570 1428 805 1467 virtutibus
818 1427 952 1466 crevit
966 1429 1010 1466 et
1027 1425 1166 1479 gratia
1178 1422 1378 1463 coelestis.
1421 1421 1619 1473 Denique

90 1492 244 1545 saepius
266 1505 318 1531 ex
339 1505 389 1531 eo
411 1494 604 1544 tempore
625 1491 800 1546 angelos
823 1490 966 1530 videre
988 1493 1028 1529 et
1053 1488 1229 1541 alloqui,
1253 1486 1326 1526 sed
1354 1489 1396 1525 et
1427 1485 1620 1524 esuriens

89 1556 195 1596 cibis
218 1555 474 1610 specialibus
497 1556 579 1596 sibi
600 1569 624 1595 a
645 1556 831 1596 Domino
862 1554 1111 1608 praeparatis
1132 1551 1292 1591 meruit
1314 1549 1447 1590 refici.
1508 1548 1621 1588 Nam

89 1621 190 1673 quia
225 1619 407 1660 affabilis
441 1623 486 1660 et
520 1620 734 1674 jocundus
775 1619 966 1659 moribus
1003 1620 1108 1667 erat,
1141 1616 1394 1670 plerumque
1428 1613 1533 1653 dum
1568 1613 1621 1652 ad

90 1684 335 1738 exemplum
376 1685 548 1724 vivendi
589 1684 872 1737 praesentibus
907 1686 1080 1736 patrum
1121 1679 1458 1734 praecedentium
1498 1680 1623 1730 gesta

89 1748 282 1799 referret,
305 1749 436 1788 etiam
457 1748 562 1802 quid
585 1748 664 1788 sibi
686 1748 786 1788 doni
808 1747 1011 1801 spiritalis
1031 1757 1214 1798 superna
1230 1743 1368 1796 pietas
1390 1741 1623 1781 contulerit

88 1811 315 1853 humiliter
336 1813 590 1853 interserere
614 1812 789 1853 solebat.
851 1812 908 1851 Et
928 1809 1158 1864 aliquando
1178 1810 1327 1847 autem
1344 1805 1484 1845 velate
1501 1805 1622 1858 quasi

90 1877 169 1917 sub
209 1891 389 1931 persona
430 1877 608 1917 alterius
649 1877 694 1916 id
735 1876 874 1916 facere
917 1874 1108 1914 curabat.
1192 1871 1314 1919 Quod
1356 1872 1503 1910 tamen
1546 1869 1621 1922 qui

89 1941 278 1991 audiere,
299 1942 400 1995 quia
431 1941 483 1981 de
515 1942 652 1994 seipso
688 1940 846 1980 dixerit
877 1937 1198 1991 intelligebant,
1215 1935 1342 1988 juxta
1374 1933 1621 1986 exemplum

89 2004 291 2058 Magistri
312 2005 527 2059 gentium,
550 2005 625 2057 qui
647 2004 773 2044 modo
793 2007 942 2056 aperte
965 2015 1061 2041 suas
1082 2001 1268 2039 virtutes
1289 1998 1481 2051 replicat,
1495 1997 1622 2037 modo

90 2068 169 2108 sub
210 2072 422 2121 praetextu
461 2069 641 2108 alterius
682 2081 873 2121 personae
910 2066 1118 2119 loquitur,
1159 2061 1260 2105 Scio
1303 2060 1530 2102 hominem
1567 2059 1622 2101 in

92 2130 279 2182 Chm'sw,
300 2136 403 2172 ante
433 2145 578 2172 annos
611 2129 952 2186 quatuordecim
979 2131 1169 2183 raptum
1191 2139 1333 2180 usque
1354 2125 1414 2165 (th
1436 2124 1621 2166 tertium

90 2194 262 2236 coelwm.

179 2260 277 2315 Cap.
300 2261 389 2301 viii.
422 2261 596 2301 Interea
621 2261 722 2314 quia
753 2260 915 2314 fragilis
947 2262 1009 2299 est
1049 2262 1094 2298 et
1129 2270 1247 2297 more
1284 2255 1385 2295 freti
1420 2254 1620 2294 volubilis

91 2325 228 2364 omnis
270 2325 401 2365 seculi
439 2327 592 2375 status,
629 2326 821 2364 instante
860 2324 1002 2364 subito
1044 2320 1218 2361 turbine
1256 2319 1458 2373 praefatus
1492 2318 1620 2358 abbas

90 2388 197 2428 Eata
218 2402 318 2428 cum
340 2388 581 2430 Cudbercto
603 2392 647 2428 et
669 2389 834 2429 caeteris
856 2401 960 2441 quos
983 2399 1128 2426 secum
1159 2384 1396 2424 adduxerat
1416 2383 1620 2422 fratribus

90 2451 267 2492 domum
289 2453 484 2507 repulsus
514 2456 593 2502 est,
617 2456 661 2492 et
683 2452 799 2492 locus
829 2451 1079 2492 monasterii
1111 2448 1224 2502 quod
1257 2447 1502 2487 condiderat
1526 2446 1621 2486 aliis

91 2515 143 2555 ad
164 2516 439 2557 incolendum
462 2515 680 2556 monachis
703 2517 842 2556 datur.

400 2687 666 2722 WILFRITH
692 2687 1047 2722 ESTABLISHED
1072 2685 1127 2720 IN
1154 2684 1320 2719 RIPON.

588 2768 720 2811 BAEDA,
738 2769 834 2802 Hae'st.
853 2768 948 2802 Evel.
968 2767 1040 2802 III.
1060 2778 1145 2800 xxv.

183 2837 312 2878 Porro
354 2838 546 2879 Alchfrid
583 2839 838 2892 magistrum
873 2837 1032 2878 habens
1075 2835 1331 2877 eruditionis
1374 2832 1624 2874 Christianae

96 2901 328 2941 vilfridum
362 2903 502 2942 virum
533 2903 857 2943 doctissimum:
891 2916 990 2942 nam
1023 2906 1064 2941 et
1100 2901 1279 2940 Romam
1311 2898 1429 2951 prius
1452 2899 1624 2949 propter

830 2985 849 3004 Β
872 2976 890 3005 2

1826 141 1851 184 L’:

1658 982 1759 1011 Bread
1774 983 1854 1011 from

1657 1023 1788 1051 heaven.

1653 1544 1857 1575 Cuthberht's

1655 1585 1825 1614 character.

1656 2059 1854 2090 2Cor.xii.·2.

1654 2256 1719 2285 The
1736 2255 1821 2285 Scot-

1654 2296 1716 2324 tish
1732 2295 1844 2324 monks

1653 2335 1824 2373 displaced.

1655 2457 1722 2478 A.D.
1738 2449 1805 2478 661.

1660 2844 1726 2865 As).
1740 2836 1808 2864 (361.

1663 2890 1827 2919 Alchfrixh
