1935 3151
559 113 786 146 omfflxn.
826 113 1114 145 DOCUMRN‘PS.

72 226 180 281 ejus,
205 226 387 266 salutem
422 226 463 264 in
488 225 684 267 Domino.
748 226 901 266 Sciatis
934 239 1011 264 nos¹
1042 230 1282 265 attornasse
1305 238 1380 264 nos
1404 222 1510 277 (sic)
1533 236 1608 276 per

71 291 407 345 assignacionem
429 290 455 330 J
460 288 640 331 ohannis
662 291 739 330 filii
757 290 925 330 Ricardi
940 290 993 329 de
1009 290 1148 330 Stowe
1162 291 1214 330 de
1231 289 1397 343 Ripon’,
1420 287 1608 329 Johanni

73 355 260 404 Hubert,
284 358 328 393 et
354 352 542 394 Johanni
572 355 624 394 de
657 355 787 408 Clynt
817 354 986 404 seniori,
1009 354 1254 407 capellanis,
1277 354 1332 394 de
1362 351 1535 406 Ripun',
1557 351 1609 391 de

75 420 252 459 servicio
286 422 327 457 et
356 418 528 459 redditu
556 433 627 458 sex
657 420 888 459 solidorum
910 432 985 471 per
1007 432 1199 458 annuum
1226 419 1278 459 de
1305 417 1489 472 quodam
1511 417 1613 455 bur-

71 484 198 537 gagio
214 482 387 536 jacente
411 483 454 521 in
478 483 729 538 Berforgate
751 484 797 522 in
822 482 994 535 Ripun’,
1017 486 1058 522 et
1082 483 1306 522 dimidiam
1338 495 1478 522 acram
1500 480 1612 534 prati

66 546 228 600 jacent.
263 546 307 584 in
345 546 516 585 Ranker
555 547 599 586 in
633 561 783 600 campo
820 547 874 586 de
910 546 1134 600 Bondegat
1168 550 1342 586 exeunt.
1380 559 1476 585 cum
1514 557 1612 597 per-

72 610 276 650 tinenciis
301 610 403 659 suis'‚
426 624 519 663 quae
541 615 641 650 ante
665 611 981 650 confeccionem
1003 609 1133 664 hujus
1153 612 1300 664 scripti
1315 610 1538 649 tenuimus
1560 608 1613 647 de

72 674 276 729 praedicto
298 672 494 714 Johanne
520 674 607 714 filio
641 675 811 714 Ricardi
833 674 886 714 de
910 676 1063 725 stowe,
1086 674 1272 714 fatentes
1294 688 1385 724 nos,
1408 672 1613 720 haeredes,

73 743 116 779 et
149 739 388 793 assignatos
421 745 588 778 nostros
622 740 944 792 imperpetuum
980 752 1070 778 esse
1105 739 1383 778 intendentes
1415 737 1468 777 de
1505 750 1612 790 prae-

69 803 197 843 dictis
222 802 397 842 servicio
420 806 462 842 et
485 803 659 842 redditu
681 802 868 856 praefatis
891 801 1095 852 Johanni,
1120 803 1332 852 Huberto,
1352 806 1396 842 et
1417 800 1608 843 Johanni

71 867 124 907 de
159 866 302 919 Clynt,
334 865 577 906 haeredibus
611 871 656 906 et,
686 867 944 921 assingnatis
978 867 1066 906 suis
1102 867 1214 906 sicut
1246 867 1335 906 fore
1370 866 1610 906 solebamus

71 931 273 984 praedicto
315 929 503 970 Johanni
546 931 634 970 filio
686 931 856 971 Ricardi
909 935 1011 970 ante
1061 931 1432 985 assingnacionem
1475 930 1612 983 ipsius

71 994 280 1036 Johannis
301 994 492 1047 praefatis
517 994 719 1046 Johanni,
745 995 957 1044 Huberto,
981 998 1026 1035 et
1057 993 1245 1036 Johanni
1275 995 1327 1034 de
1361 994 1489 1048 Clynt
1511 993 1612 1033 inde

71 1059 242 1099 factam.
305 1059 361 1098 Et.
383 1058 548 1098 dictum
571 1059 829 1114 burgagium
862 1064 903 1099 et
927 1064 1100 1112 pratum
1133 1059 1185 1099 de
1218 1063 1369 1099 caetero
1400 1059 1453 1098 de
1486 1058 1612 1097 dictis

71 1122 284 1172 Johanne,
309 1122 520 1173 Huberto,
544 1128 589 1164 et
621 1122 819 1163 Johanne
852 1124 905 1163 de
939 1123 1081 1176 Clynt,
1105 1122 1345 1163 haeredibus
1369 1126 1414 1163 et
1443 1123 1611 1176 assing-

72 1188 186 1227 natis
219 1187 306 1227 suis
338 1191 487 1227 tenere
521 1188 758 1228 secundum
791 1188 894 1237 vim,
926 1187 1121 1237 formam,
1145 1191 1190 1227 et
1221 1187 1426 1227 effectum
1459 1187 1612 1227 inden-

71 1256 267 1292 turarum
290 1251 390 1291 inde
417 1252 538 1292 nobis
567 1251 778 1292 factarum
811 1253 902 1292 sine
934 1252 1275 1292 contradiccione
1307 1251 1497 1304 aliquali.
1560 1252 1612 1290 In

72 1329 253 1369 quorum
289 1316 482 1355 omnium
515 1317 819 1356 testimonium
854 1317 1058 1370 praesenti
1096 1317 1254 1369 scripto
1294 1320 1439 1355 nostro
1472 1315 1613 1369 sigilla

72 1384 218 1420 nostra
240 1380 531 1433 apposuimus.
586 1381 683 1420 Hiis
701 1381 904 1431 testibus,
923 1381 1110 1420 Roberto
1133 1379 1305 1434 Skayfe,
1322 1380 1541 1419 willelmo
1559 1380 1611 1419 de

74 1442 278 1494 Scotton’,
303 1444 489 1484 Henrico
516 1443 686 1498 Smyth,
708 1444 930 1485 Willelmo
952 1445 1004 1485 de
1025 1444 1065 1484 le
1088 1443 1136 1485 Cl
1151 1457 1208 1485 au
1221 1458 1314 1494 ner,
1337 1444 1363 1484 J
1367 1442 1535 1484 ohanne
1557 1443 1611 1484 de

74 1507 408 1562 Quyttyngton’,
435 1513 476 1548 et
504 1509 613 1549 aliis.
675 1509 773 1549 Dat.
805 1509 919 1563 apud
952 1508 1123 1563 Ripun',
1155 1509 1225 1549 die
1254 1508 1461 1548 Mercurii
1493 1521 1610 1561 prox.

72 1576 174 1612 ante
210 1571 372 1612 festum
409 1572 584 1626 Georgii
618 1574 824 1623 Martiris,
867 1574 991 1613 Anno
1023 1573 1198 1613 Domini
1229 1573 1464 1612 Millesimo
1495 1575 1611 1611 ccc'¹¹⁰

77 1636 343 1690 sexagesimo
365 1640 530 1689 quarto.

761 1756 934 1801 (xciv.)

163 1836 309 1877 Sciant
330 1839 561 1889 praesentes
583 1840 627 1877 et
648 1837 785 1877 futuri
807 1837 922 1891 quod
951 1851 1031 1891 ego
1059 1837 1274 1877 Robertus
1306 1837 1360 1877 de
1381 1836 1611 1878 Brunhous

73 1899 126 1940 de
150 1899 301 1953 Ripon’
331 1900 444 1950 dedi,
475 1903 677 1952 concessi,
701 1906 745 1942 et
774 1901 851 1942 hac
882 1902 1083 1955 praesenti
1105 1906 1222 1941 carta
1252 1915 1347 1941 mea
1368 1898 1611 1942 confirmavi

73 1963 261 2006 Johanni
284 1964 336 2004 de
361 1964 489 2017 Clynt
513 1966 668 2005 seniori
695 1966 748 2006 de
775 1966 944 2019 Ripon',
966 1965 1199 2019 capellano,
1222 1979 1360 2005 unum
1382 1967 1612 2019 gardinum

74 2042 173 2068 cum
197 2028 284 2068 suis
306 2029 584 2081 pertinenciis
601 2029 750 2083 jacens
772 2031 818 2070 in
840 2030 994 2084 Ripon’
1015 2031 1060 2070 in
1083 2028 1371 2084 Alhalowgate
1393 2031 1438 2069 in
1459 2034 1613 2070 tenura

74 2090 284 2133 Johannis
307 2091 448 2142 Clerk,
471 2096 516 2132 et
537 2095 734 2134 continet
754 2095 800 2134 in
823 2094 1099 2148 longitudine
1121 2098 1299 2134 centum
1322 2098 1364 2134 et
1388 2108 1460 2134 sex
1480 2094 1611 2148 pedes

75 2154 317 2205 hominum,
346 2157 387 2195 in
422 2156 652 2198 latitudine
684 2172 783 2198 vero
804 2159 999 2198 continet>
1019 2159 1334 2212 quinquaginta
1355 2163 1398 2198 et
1429 2162 1613 2211 quatuor

76 2220 207 2273 pedes
223 2219 463 2271 hominum,
477 2226 604 2274 prout
615 2221 731 2276 jacet
747 2223 861 2262 inter
878 2223 1107 2277 gardinum
1116 2222 1296 2262 Walteri
1311 2222 1349 2262 G
1352 2222 1411 2275 yll
1427 2236 1477 2262 ex
1491 2227 1611 2272 parte

77 2297 176 2334 una,
206 2287 251 2324 et,
278 2285 507 2339 gardinum
535 2287 750 2339 quondam
786 2285 995 2327 Johannis
1030 2285 1186 2339 Skayfe
1223 2300 1274 2325 ex
1309 2291 1430 2339 parte
1463 2286 1611 2337 altera,

77 2348 314 2388 tenendum
336 2353 380 2388 et
401 2347 647 2390 habendum
678 2351 932 2404 praedictum
957 2350 1186 2405 gardinum
1208 2351 1253 2389 in
1275 2350 1549 2404 longitudine
1567 2356 1608 2391 et

77 2410 309 2451 latitudine
332 2413 444 2452 sicut
464 2414 717 2466 praedictum
740 2418 806 2454 est
827 2414 1031 2468 praedicto
1063 2413 1266 2464 Johanni,
1288 2413 1544 2464 haeredibus,
1567 2420 1612 2455 et.

77 2475 308 2530 assignatis
353 2477 456 2526 suis,
498 2477 648 2527 libere,
685 2479 847 2531 quiete,
881 2479 1066 2532 integre,
1098 2478 1223 2523 bene,
1257 2482 1301 2518 et
1334 2479 1379 2518 in
1413 2493 1529 2532 pace,
1567 2484 1611 2518 et

79 2538 412 2593 imperpetuum,
435 2541 488 2581 de
510 2542 684 2595 capitali
707 2543 880 2583 domino
909 2542 1023 2583 feodi
1055 2543 1189 2593 illius,
1211 2556 1286 2596 per
1313 2544 1489 2582 servicia
1509 2543 1610 2582 inde

79 2601 225 2643 debita
246 2607 290 2644 et
311 2604 364 2645 de
381 2604 478 2658 jure
501 2611 719 2646 consueta.
782 2608 839 2647 Et
860 2620 939 2661 ego
961 2621 1059 2647 vero
1080 2607 1309 2661 praedictus
1332 2607 1544 2647 Robertus
1567 2612 1611 2647 et

81 2663 270 2708 haeredes
306 2669 392 2709 mei
423 2670 676 2723 praedictum
707 2671 935 2726 gardinum
974 2685 1074 2712 eum
1116 2672 1203 2712 suis
1243 2672 1522 2725 pertinenciis
1564 2673 1609 2712 in

82 2728 354 2783 longitudine
397 2737 441 2773 et¹
473 2733 520 2773 in
556 2734 789 2775 latitudine
831 2738 882 2775 ut
922 2736 1282 2790 praenominatum
1315 2739 1394 2785 est,
1435 2735 1612 2789 praefato

83 2792 109 2832 J
113 2792 284 2844 ohanni,
315 2794 555 2838 haeredibus
591 2802 635 2838 et
675 2800 907 2853 assignatis
951 2801 1038 2840 suis
1080 2803 1229 2839 contra
1270 2813 1416 2839 omnes
1457 2804 1610 2854 gentes

84 2859 450 2900 warantizabimus
473 2862 806 2915 imperpetuum.
870 2864 920 2903 In
949 2863 1071 2917 cujus
1101 2865 1160 2903 rei
1185 2864 1486 2903 testimonium
1508 2862 1608 2904 huic

1759 99 1837 143 101

1649 229 1698 256 his
1714 229 1791 261 wiso,

1648 269 1721 297 bind
1739 269 1839 298 thom-

1647 308 1745 336 sclves
1764 312 1796 336 to

1648 347 1720 376 hold
1740 348 1793 376 the

1647 387 1746 415 above
1762 387 1797 415 of

1648 426 1702 454 the
1717 427 1814 464 chap-

1648 465 1739 494 laius.

1649 1384 1831 1414 witnesses.

1646 1512 1739 1550 April
1759 1513 1804 1547 17,

1646 1560 1712 1580 ΑᾸ).
1730 1553 1816 1581 1364.

1649 1847 1726 1877 Rob.
1742 1849 1780 1877 de

1649 1886 1814 1916 Brunhous

1647 1930 1757 1963 grants
1772 1936 1790 1955 a

1646 1966 1766 2002 garden
1783 1966 1814 1994 in

1649 2004 1832 2033 Allhallow-

1647 2048 1731 2081 gnte.
