1935 3151
1747 142 1773 187 [Ο

1781 142 1807 187 N.

1815 143 1841 189 02

566 153 791 188 ORIGINAL
827 153 1113 187 DOCUMENTS.

77 264 312 319 adjacente,
349 279 428 306 nec
461 266 514 306 de
550 266 689 306 tribus
721 267 829 306 acris
860 270 985 306 terrae
1019 265 1133 319 apud
1168 264 1522 319 Southallerwyk,
1557 267 1610 307 de

75 330 245 383 quibus,
268 331 350 370 nisi
382 329 622 383 spiritualia
653 334 814 380 essent,
837 330 1003 370 decima
1033 330 1210 370 deberet
1243 330 1362 370 solvi.
1426 331 1483 370 Et
1504 344 1611 383 prae-

76 394 216 433 dictus
239 394 450 434 Robertus
472 408 612 434 coram
629 394 816 448 praefatis
838 394 1131 434 visitatoribus
1153 397 1341 445 vocatus,
1358 393 1544 447 juratUS,
1568 397 1612 434 et

77 458 345 498 examinatus
387 459 432 497 in
474 458 702 511 praemissis
737 458 938 497 omnibus
979 461 1024 498 et
1058 457 1240 511 singulis
1273 458 1480 508 articulis,
1513 472 1610 497 con-

77 521 223 560 cordat
245 535 343 561 cum
368 521 636 575 juratoribus
668 522 964 574 inquisicionis
996 521 1228 574 praedietae,
1250 525 1296 561 et
1328 522 1386 561 sic
1417 535 1492 575 per
1513 535 1613 561 con-

77 585 344 624 eordanciam
375 585 508 636 illam,
531 586 792 625 contrarium
824 586 942 625 misae
975 598 1062 624 suae
1095 585 1323 638 praedictae,
1345 599 1472 638 quam
1494 586 1611 638 prius

78 649 388 701 praetendebat,
409 647 667 704 cognov(it)‚
690 652 836 688 contra
867 662 995 701 quam
1017 650 1311 702 cognicionem
1337 649 1484 703 jurata
1505 663 1612 702 prae-

78 711 194 751 dicta
226 726 311 752 non
344 716 408 752 est
439 713 492 752 de
519 712 618 766 jure
650 713 872 765 capienda.
934 713 1038 752 Ideo
1061 713 1378 753 consideratum
1401 717 1466 753 est
1497 714 1611 767 quod

78 776 307 829 praedictus
329 777 542 816 Robertus
563 790 587 816 a
608 777 872 829 possessione
894 775 1088 829 ejusdem
1110 775 1334 830 hospitalis
1349 782 1612 828 amoveatur,

78 844 122 879 et
164 840 311 880 eadem
353 841 561 893 possessio
602 839 827 893 hospitalis
868 840 1045 893 praefato
1087 841 1225 881 David
1269 842 1360 881 sine
1402 842 1613 882 dilacione

77 904 301 953 liberetur,
322 903 506 944 habend.
522 918 620 944 cum
636 905 723 943 suis
731 903 902 957 juribus
918 907 962 944 et
975 905 1253 957 pertinenciis
1271 905 1612 959 quibuscumque

73 963 198 1018 juxta
228 967 408 1007 formam
438 967 662 1007 literarum
697 967 860 1007 domini
896 967 1029 1021 Regis
1064 968 1379 1020 praedictarum,
1414 972 1495 1009 etc.
1557 970 1614 1009 Et
1648 969 1784 1026 Writptj

78 1034 341 1085 praeceptum
364 1034 431 1071 est
452 1032 692 1071 vicecomiti
724 1031 850 1072 Ebor.
882 1032 997 1084 quod
1018 1032 1160 1084 ipsum
1182 1032 1420 1072 Robertum
1440 1033 1493 1072 ab
1515 1032 1613 1073 hos-
1649 1018 1823 1077 ξιῖἶῗκῗέἶιοῖι

79 1095 203 1148 pitali
245 1095 448 1148 praedicto
478 1096 680 1146 amoveri,
713 1098 758 1134 et
799 1096 1010 1148 possessio
1041 1095 1235 1148 ejusdem
1266 1097 1441 1149 praefato
1477 1098 1614 1138 David
1648 1088 1682 1117 ⁰f
1702 1088 1817 1117 David.

80 1159 172 1198 sine
194 1159 404 1198 dilacione
426 1158 555 1198 faciat
576 1159 763 1210 liberari,
786 1163 831 1199 et
852 1160 996 1212 ipsum
1024 1160 1070 1198 in
1093 1160 1274 1199 eandem
1301 1162 1613 1214 possessionem

79 1223 255 1262 inducat
276 1223 321 1262 in
342 1222 477 1262 forma
498 1223 712 1276 praedicta,
730 1227 776 1263 et
789 1224 1017 1276 praedictus
1035 1224 1249 1264 Robertus
1264 1226 1310 1264 in
1324 1226 1614 1266 misericordia

80 1299 155 1339 pro
175 1284 383 1342 injus[ta]
407 1288 702 1340 occupacione‚
725 1291 807 1327 etc.

163 1445 297 1480 CXVI.
333 1445 627 1481 VISITATION
659 1446 723 1482 OF
756 1446 860 1481 THE
893 1447 1149 1483 HOSPITAL
1183 1449 1245 1484 OF
1278 1450 1345 1485 ST.
1381 1451 1531 1486 MARY

682 1505 1016 1541 MAGDALENE.

78 1584 223 1628 (DUGD.
250 1584 351 1620 MON.
376 1584 412 1620 ii.
439 1585 511 1620 380
537 1585 610 1631 (ed.
638 1585 760 1630 1661).
811 1585 889 1621 MS.
916 1586 1050 1621 P.R.O.
1077 1587 1169 1630 Esau,
1189 1587 1233 1621 15
1259 1588 1361 1622 Edw.
1382 1590 1416 1632 3,
1433 1588 1501 1624 No.
1521 1590 1613 1635 73.)ι

169 1666 406 1720 Inquisieio
445 1670 568 1719 capta
602 1680 679 1720 per
714 1667 928 1707 Abbatem
959 1667 1012 1707 de
1047 1668 1339 1722 Fountaynes,
1370 1669 1615 1711 ,Iohannem
1649 1684 1803 1715 Commis-

81 1729 134 1770 de
154 1729 413 1780 Wodehous,
436 1731 703 1770 Franconem
724 1731 776 1770 de
799 1731 1012 1784 Barneby,
1045 1734 1090 1770 et
1121 1731 1330 1772 Thomam
1365 1733 1534 1774 Salek’2
1568 1736 1614 1775 in
1648 1724 1778 1754 sioners.

80 1792 283 1847 hospitali
305 1794 448 1833 Beatae
470 1794 618 1833 Mariae
640 1794 906 1848 Magdalenae
929 1794 1096 1848 Ripon'‚
1120 1796 1281 1836 virtute
1303 1798 1614 1840 commissionis

81 1857 245 1897 domini
266 1858 397 1911 Regis
418 1858 583 1912 Angliae
615 1861 660 1897 et
691 1858 896 1908 Franciae,
919 1858 972 1897 ad
995 1859 1259 1899 visitandum
1281 1860 1447 1901 dictum
1469 1861 1614 1916 hospi-

81 1921 168 1961 tale
199 1921 508 1961 commissarios
541 1921 619 1961 sub
651 1925 767 1961 certa
797 1921 932 1961 forma
963 1922 1274 1975 deputaeionis,
1307 1925 1376 1964 die
1408 1925 1615 1966 Mercurii

81 1999 197 2038 prox.
219 1989 320 2025 ante
342 1984 503 2025 festum
524 1985 565 2025 N
567 1986 778 2026 ativitatis
800 1986 944 2025 Beatae
966 1986 1116 2027 Mariae
1133 1987 1340 2042 Virginis,
1357 2003 1470 2030 anno
1491 1992 1614 2044 regni

81 2049 187 2089 dicti
207 2049 371 2089 domini
393 2049 525 2103 Regis
549 2050 712 2104 Angliae
734 2050 1066 2103 quintodecimo,
1088 2052 1211 2105 regni
1227 2065 1326 2092 vero
1341 2054 1404 2092 sui
1424 2054 1614 2095 Franciae
1647 2065 1818 2095 A.n.1341.

83 2113 283 2163 secundo,
316 2126 392 2166 per
425 2112 669 2153 ,Iohannem
704 2114 756 2154 de
792 2113 1023 2164 Shirewod,
1060 2115 1292 2155 Ricardum
1333 2117 1385 2157 de
1420 2118 1614 2169 Tanfeld,
1648 2128 1742 2168 Jury.

83 2176 299 2231 Rogerum
331 2178 383 2216 de
415 2176 674 2227 Clotherom,
706 2176 949 2218 Johannem
980 2178 1021 2218 le
1052 2179 1226 2219 Walker
1256 2182 1479 2232 seniorem,
1511 2183 1616 2223 Ber-

82 2240 264 2280 nardum
316 2240 446 2290 Gille,
497 2240 741 2281 Johannem
782 2241 990 2295 Frankys,
1032 2242 1262 2283 Ricardum
1304 2244 1344 2284 le
1387 2244 1617 2299 Shephird,

85 2303 306 2344 Serlonem
327 2303 367 2344 le
384 2304 571 2355 XValken
593 2305 779 2344 Alanum
801 2303 1000 2359 (Watson
1015 2305 1070 2360 Ρ),
1093 2306 1325 2347 Ricardum
1346 2308 1400 2348 de
1422 2307 1616 2363 Couton’‚

85 2366 315 2407 Ricardum
336 2367 390 2407 de
413 2367 567 2418 Stowe,
588 2368 615 2408 J
618 2367 831 2408 ohannem
853 2368 1075 2421 NVaryner,
1093 2373 1137 2409 et
1158 2370 1338 2411 Petrum
1352 2372 1405 2412 de
1421 2373 1616 2424 Malton’,

79 2429 245 2483 juratos
268 2434 312 2470 et
332 2431 564 2486 diligenter
584 2433 811 2486 requisitos
835 2445 960 2484 super
981 2432 1264 2487 infrascriptis
1287 2436 1496 2477 articulis.
1558 2438 1615 2477 Et
1649 2442 1739 2481 They
1751 2453 1848 2474 sweaz

85 2494 235 2533 dicunt
270 2508 345 2547 per
379 2499 694 2535 sacramentum
731 2509 871 2545 suum,
904 2495 1018 2548 quod
1051 2497 1227 2549 quidam
1258 2498 1614 2554 Archiepiscopus
1649 2482 1776 2550 ffssthffn

86 2556 213 2597 Ebor.
254 2557 452 2600 fundavit
485 2559 650 2599 dictum
691 2558 915 2612 hospitale,
956 2559 1079 2613 cujus
1120 2575 1278 2601 nomen
1312 2563 1538 2616 ignorant3
1570 2569 1615 2604 et
1648 2561 1760 2598 bishop

86 2619 402 2675 Archiepiscopi
429 2622 555 2662 Ebor.
582 2623 656 2676 qui
688 2636 763 2675 pro
789 2627 981 2675 tempore
1013 2623 1193 2676 fuerint,
1221 2629 1264 2665 et
1295 2626 1494 2668 dominus
1524 2628 1616 2668 Rex
1649 2599 1787 2667 ἓέυἷὲζέῑ(
1795 2639 1851 2669 the

87 2683 266 2737 Angliae,
300 2686 394 2725 sede
427 2685 776 2739 archiepiscopali
808 2687 935 2726 Ebor.
967 2692 1160 2738 vacante,
1194 2693 1294 2728 sunt
1326 2691 1415 2729 veri
1446 2693 1615 2744 patroni
1651 2677 1796 2746 {gfipssffil’

87 2746 193 2785 dicti
226 2746 461 2801 hospitalis.
524 2750 580 2789 Et
609 2750 751 2789 dictus
787 2749 1143 2805 Archiepiscopus
1175 2753 1367 2805 praedicti
1391 2753 1615 2808 hospitalis
1650 2756 1752 2784 Arch-

88 2808 302 2861 fundator,
324 2812 444 2852 dedit
465 2813 581 2853 dicto
603 2812 804 2866 hospitali
836 2827 966 2853 unam
998 2815 1189 2867 placeam
1211 2819 1336 2856 terrae
1358 2821 1403 2856 et
1424 2817 1538 2858 bosci
1570 2820 1616 2858 in
1650 2794 1841 2871 ἓξὲξ-ἕξω

138 2892 194 2937 (1)
223 2891 326 2927 Some
344 2899 446 2929 notes
462 2895 498 2929 in
516 2895 651 2930 Torre's
668 2895 940 2941 MSS.-M2.A.
963 2898 1078 2942 (380).
1155 2898 1212 2944 (2)
1239 2898 1379 2944 Salcok,
1398 2912 1430 2946 p.
1450 2901 1530 2944 215,
1547 2908 1613 2938 etc.
