1955 3068
554 105 782 138 ORIGINAL
815 105 1107 139 DOCUMENTS.
1774 90 1833 138 95

304 249 371 285 VI.
397 248 724 284 FOUNDATION
753 249 815 284 OF
848 249 1072 284 SHAROW
1106 249 1359 284 PREBEND.

602 327 890 371 (DARNBROUGE
916 326 993 361 MS.
1020 326 1074 372 ii.)

156 405 191 444 T
196 403 432 460 [urstinus]
456 405 535 445 Dei
557 406 698 460 gracia
719 405 994 445 Eboracensis
1019 403 1379 458 archiepiscopus,
1402 403 1602 443 omnibus
1703 427 1770 449 Μ),

70 470 381 509 successoribus
404 471 506 520 suis,
522 474 567 510 et
587 470 747 509 decano
769 470 1041 521 Eboracensi,
1060 470 1228 521 totique
1250 469 1438 522 capitulo
1458 468 1603 508 Sancti
1639 459 1824 521 111440140-

70 533 203 584 Petri,
226 538 271 573 et
292 534 489 574 omnibus
523 533 690 573 Sanctae
722 534 874 573 Matris
907 534 1097 574 ecclesiae
1119 533 1219 573 filiis
1252 532 1536 586 praesentibus
1560 535 1604 571 et
1636 515 1839 582 νῗζῖἶᾷὲῗξξζᾞζ

68 596 241 648 futuris,
264 597 461 638 salutem.
524 597 675 638 Sciatis
697 612 766 638 me
797 598 1004 638 redidisse
1037 601 1082 638 et
1111 596 1243 651 hujus
1274 597 1446 637 cartulae
1477 597 1603 636 testi-
1638 593 1825 661 glffii‘i'hffissh

68 662 212 701 monio
231 661 501 702 confirmasse
524 662 614 701 Deo
636 665 678 701 et
702 661 891 702 ecclesiae
925 662 1071 702 Sancti
1094 661 1284 701 wilfridi
1316 661 1368 701 de
1392 661 1549 714 Ripon,
1571 659 1600 713 ij
1726 642 1743 672 p
1788 654 1795 661 ’

68 724 241 765 bovatas
282 728 406 765 terrae
447 726 492 765 in
523 724 732 780 (Sharou)
763 726 809 765 in
852 730 1107 779 perpetuam
1148 725 1420 778 praebendam
1463 724 1605 764 eidem

67 789 269 839 ecclesiae,
291 803 389 828 cum
411 790 608 829 omnibus
639 789 693 829 ad
715 803 784 829 eas
816 789 1153 842 pertinentibus,
1176 793 1265 829 tam
1287 789 1332 828 in
1354 787 1604 828 hominibus

67 866 197 905 quam
218 853 263 892 in
278 852 371 892 aliis
385 853 526 893 rebus.
574 853 651 892 Hii
666 857 765 893 sunt
783 857 932 903 testes,
948 853 1182 893 Gualterus
1199 853 1327 893 abbas
1345 852 1397 892 de
1422 850 1602 901 Salebe,¹
1641 855 1823 885 witnesscs.

69 916 319 967 Gualterus,
352 916 573 967 osbertus,
606 917 841 958 Gaufridus
863 916 1053 968 Archid„
1075 917 1337 966 NVillelmus,
1370 917 1603 966 Martinus,

68 984 114 1021 et
164 980 389 1021 Hubertus
429 980 545 1021 filius
587 981 695 1035 ejus,
738 981 898 1035 Symon
941 982 1186 1032 canonicus,
1229 981 1444 1021 Robertus
1487 980 1604 1019 filius

69 1043 267 1085 Amfridi.

69 1189 154 1224 VII.
181 1189 451 1225 STEPHEN'S
481 1189 868 1225 CONFIRMATION
895 1189 957 1224 OF
982 1190 1086 1225 THE
1111 1189 1380 1224 LIBERTIES
1406 1188 1608 1223 WITHIN

677 1248 781 1283 THE
815 1249 1002 1284 LEUGA.

379 1325 592 1369 (Domum,
617 1324 852 1360 HrsToRmAL
877 1326 1070 1370 Accomffr,
1087 1332 1153 1361 etc.
1172 1337 1205 1372 p.
1225 1326 1301 1370 39.)

160 1410 404 1465 Stephanus
434 1411 525 1451 Rex
546 1411 729 1466 Angliae,
751 1410 1094 1465 archiepiscopis,
1119 1412 1343 1465 episcopis,
1366 1411 1606 1462 abbatibus,
1709 1436 1776 1458 Μ),

70 1476 314 1526 baronibus,
347 1475 686 1526 vicecomitibus,
718 1479 763 1515 et·
793 1476 993 1516 omnibus
1024 1476 1235 1515 ministris
1269 1476 1356 1515 suis
1391 1475 1606 1525 fidelibus,
1657 1468 1818 1532 ⁷¹¹¹35f¹²

72 1541 247 1580 Francis
279 1544 323 1579 et
353 1539 520 1593 Anglis,
542 1541 678 1579 totius
710 1540 892 1594 Angliae,
926 1540 1124 1579 salutem.
1186 1539 1416 1579 Praesentis
1447 1538 1606 1579 chartae
1643 1524 1731 1560 Κῶς
1746 1524 1813 1553 St&

1665 1565 1723 1591 hen
1740 1566 1772 1591 to
1788 1563 1844 1592 the

72 1605 322 1646 testimonio
348 1604 552 1644 confirmo
578 1604 769 1645 ecclesiae
796 1604 838 1645 S.
860 1604 1050 1644 Wilfridi
1071 1605 1125 1645 de
1148 1605 1294 1657 Ripun
1316 1618 1464 1657 pacem
1487 1618 1607 1644 suam
1642 1573 1757 1631 {burch
1774 1601 1807 1630 0f

72 1669 185 1709 infra
209 1669 376 1708 leucam
411 1682 544 1718 suam,
583 1672 627 1708 et
661 1668 857 1722 ejusdem
893 1670 1008 1722 pacis
1045 1669 1213 1708 violatae
1248 1669 1607 1719 emendationem,
1643 1642 1844 1718 iiiffiii'gcffl‘

75 1735 188 1773 sicut
208 1736 274 1773 est
295 1733 347 1773 ab
368 1732 512 1786 aliquo
533 1733 892 1786 praedecessorum
920 1746 1114 1773 meorum
1136 1733 1291 1772 melius
1312 1733 1395 1785 ipsi
1417 1732 1607 1772 ecclesiae
1641 1721 1756 1796 Ξῡῐᾞξζ
1768 1758 1802 1787 of

74 1797 241 1847 collata,
267 1801 312 1837 et>
346 1810 371 1836 a
403 1810 472 1836 me
506 1811 605 1836 cum
642 1797 804 1837 eisdem
840 1797 1017 1851 regibus
1053 1796 1316 1836 confirmata.
1378 1796 1610 1849 Privilegia
1644 1799 1746 1837 kings.

74 1875 243 1914 quoque
276 1864 321 1900 et
351 1861 601 1901 donationes
633 1875 727 1914 quae
759 1875 783 1900 a
814 1861 987 1915 regibus
1020 1861 1224 1900 Edwardo
1257 1860 1434 1910 scilicet,
1457 1865 1501 1899 et
1531 1873 1609 1899 avo

75 1938 171 1964 meo
192 1924 428 1964 willielmo
449 1929 677 1964 consecuta
699 1929 779 1975 est,
802 1929 848 1964 et
869 1925 1090 1964 libertates
1122 1938 1269 1964 omnes
1293 1929 1336 1964 et
1357 1924 1610 1978 dignitates,

76 1993 122 2029 et
152 1989 502 2038 consuetudines,
525 1992 569 2028 et
600 1989 883 2028 rectitudines
917 2003 1028 2039 suas,
1050 1994 1140 2028 tam
1171 1989 1216 2028 111
1247 1988 1382 2041 aquiS,
1405 2001 1534 2041 quam
1564 1988 1610 2026 in

76 2053 218 2103 terris,
248 2055 291 2092 et
324 2052 370 2091 in
402 2052 601 2092 omnibus
627 2053 968 2106 possessionibus
993 2053 1095 2103 suis,
1118 2053 1162 2091 in
1189 2066 1278 2092 saca
1302 2057 1345 2092 et
1369 2065 1478 2101 soca,
1501 2056 1545 2091 et
1566 2052 1611 2091 in

77 2116 161 2157 hiis
183 2130 277 2170 quae
297 2116 351 2155 ad
373 2116 492 2156 illam
513 2116 673 2169 ubique
695 2117 930 2170 pertinent.
965 2117 1110 2156 Ferias
1133 2117 1265 2156 etiam
1289 2130 1398 2166 suas,
1421 2117 1612 2169 quinque
1648 2124 1746 2154 Fairs.

79 2180 246 2230 diebus,
268 2180 466 2220 omnibus
497 2181 600 2220 illuc
622 2181 897 2221 venientibus
920 2185 964 2221 et
995 2181 1116 2220 illinc
1147 2180 1445 2231 redeuntibus,
1477 2183 1522 2219 et
1552 2179 1614 2219 ibi

79 2244 361 2293 morantibus,
393 2248 482 2284 tam
514 2244 801 2284 vendentibus
832 2259 961 2298 quam
992 2245 1253 2294 ementibus,
1282 2258 1382 2283 cum
1413 2243 1613 2283 omnibus

80 2308 207 2348 rebus
231 2308 332 2358 suis,
354 2321 452 2347 cum
473 2322 568 2348 mea
590 2323 691 2362 pace
713 2309 910 2349 concedo.
972 2309 1030 2348 Et
1051 2308 1145 2348 volo
1160 2313 1203 2348 et
1219 2308 1401 2348 firmiter
1414 2308 1614 2360 praecipio

80 2372 194 2425 quod
216 2372 307 2424 ipsa
327 2371 517 2412 Ecclesia
537 2373 599 2412 ita
627 2376 774 2412 teneat
796 2372 905 2413 bene
937 2376 981 2412 et
1013 2373 1059 2411 in
1091 2385 1193 2425 pace
1225 2375 1270 2411 et
1301 2370 1546 2422 honorifice,
1569 2375 1615 2411 et

80 2435 270 2488 plenarie
312 2436 357 2474 in
399 2436 596 2476 omnibus
638 2436 780 2486 rebus,
813 2437 858 2475 in
895 2436 1020 2476 bosco
1057 2439 1102 2475 et
1138 2435 1278 2489 plano,
1315 2436 1361 2474 in
1394 2436 1528 2488 pratis
1570 2438 1615 2474 et

80 2500 280 2553 pasturis,
302 2500 348 2539 in
369 2501 495 2540 terris
517 2504 562 2540 et
582 2501 719 2554 aquis,
740 2501 786 2539 in
807 2501 987 2540 navibus
1005 2504 1047 2540 et
1070 2500 1279 2554 portubus
1297 2503 1342 2539 et
1357 2500 1402 2539 in
1417 2499 1614 2539 omnibus

81 2563 175 2602 aliis
197 2563 338 2614 rebus,
361 2564 472 2603 sicut
493 2565 584 2617 ipsa
606 2578 796 2617 unquam
817 2564 972 2604 melius
995 2568 1040 2604 et
1065 2564 1236 2618 plenius
1259 2568 1304 2603 et
1324 2562 1615 2603 honorabilius

81 2628 227 2667 tenuit
247 2631 440 2680 tempore
462 2629 576 2681 regis
598 2627 799 2677 Edvardi,
823 2631 867 2667 et
898 2631 1090 2682 tempore
1112 2627 1338 2667 willielmi
1358 2627 1426 2666 avi
1448 2627 1548 2676 mei,
1571 2630 1616 2666 et

82 2694 276 2744 tempore
297 2691 607 2731 avunculorum
628 2705 823 2731 meorum
837 2692 1061 2732 willielmi
1083 2692 1197 2746 regis
1221 2696 1265 2731 et
1287 2691 1463 2730 Henrici
1484 2691 1614 2745 regis,

85 2757 130 2794 et
152 2755 263 2794 sicut
280 2754 437 2795 chartae
450 2756 810 2809 praedecessorum
827 2769 1020 2796 meorum
1033 2756 1336 2796 testificantur.
1397 2754 1614 2806 TestibuS,
1650 2766 1830 2797 Witnesscs.

748 2856 803 2899 (l)
832 2855 952 2900 Selby.
