1935 3151
601 130 867 163 SANCTUARY
904 129 1124 163 Miconos.

97 241 308 282 Richardo
341 241 541 296 Wryght,
573 248 618 282 et
659 241 857 284 ,Iohanne
890 242 1088 293 Hudson,
1120 242 1303 283 testibus
1330 242 1383 282 ad
1416 241 1631 296 praemissa

97 307 255 346 vocatis
279 308 521 360 specialiter
544 310 588 347 et
609 308 783 359 rogatis.

375 418 616 464 (ansmnn
643 418 688 454 V.
708 418 753 453 fo.
773 419 829 454 Tv.
880 419 1011 454 SANcr.
1032 419 1208 454 Dumm.
1227 431 1260 466 p.
1281 419 1355 464 14.)

188 500 365 541 Decimo
381 504 529 541 octavo
549 501 618 541 die
633 502 793 541 mensis
810 501 1072 552 Decembris,
1087 502 1211 541 Anno
1233 501 1407 542 Domini
1424 501 1632 540 M⁰cccc¹¹'⁰

99 565 355 620 octagesimo
386 570 548 615 octavo,
586 567 705 605 venit
736 566 788 605 ad
821 566 1055 606 Ecclesiam
1093 565 1394 606 Cathedralem
1428 564 1630 605 Dunelm.

100 629 304 669 Ricardus
327 627 500 683 Wright
521 629 574 669 de
596 629 813 679 Dunelm.,
835 628 994 681 gylover,
1017 630 1177 683 ibique,
1195 630 1377 684 pulsatis
1400 629 1631 682 campanis,

98 694 231 747 peciit
262 694 583 734 immunitatem
606 694 730 733 dictae
754 694 957 744 ecclesiae,
979 708 1053 747 pro
1076 708 1125 733 co
1147 699 1189 734 et
1223 709 1274 734 ex
1301 707 1349 734 eo
1370 694 1483 747 quod
1517 694 1632 733 idem

99 758 320 809 Ricardus,
350 758 479 798 simul
501 772 599 798 cum
621 758 716 798 aliis
748 759 793 798 in
815 759 1031 798 territorio
1054 758 1165 798 villae
1187 759 1240 798 de
1272 758 1484 799 Monkton
1506 757 1632 811 juxta

98 822 239 877 Ripon
260 823 305 862 in
319 823 528 863 comitatu
550 823 692 873 Ebor.,
714 837 899 876 praesens
922 828 1011 863 erat
1033 824 1311 876 personaliter
1331 837 1429 863 cum
1447 823 1631 876 quodam

99 885 320 940 Stephano
348 887 546 937 Willson,
573 888 682 927 circa
713 887 874 927 festum
908 888 1055 928 Sancti
1086 887 1205 927 Petri
1229 888 1343 941 quod
1378 887 1537 927 dicitur
1557 885 1632 926 Acl

97 949 285 992 vincula
330 951 383 991 ad
415 955 600 1005 quatuor
635 966 770 992 annos
803 952 982 1005 elapsos,
1015 952 1221 1005 deditque
1266 952 1408 992 eidem
1441 949 1631 992 Johanni

97 1029 224 1069 opem
257 1019 301 1055 et
332 1015 542 1055 auxilium
577 1019 723 1056 contra
746 1017 962 1070 quendam
997 1015 1266 1069 Stephanum
1300 1015 1497 1064 XVillson,
1527 1015 1631 1055 (lum

97 1080 326 1132 praedictus
360 1079 580 1120 Johannes
617 1080 799 1120 Hudson
821 1095 921 1120 cum
943 1080 1128 1134 quodam
1155 1079 1194 1120 le
1214 1080 1365 1120 Forest
1398 1078 1485 1132 byll
1526 1092 1633 1132 prae-

98 1143 237 1184 fatum
274 1143 545 1197 Stephanum
567 1144 619 1184 ad
656 1148 762 1184 tunc
800 1149 845 1184 etr
880 1145 1042 1185 ibidem
1071 1145 1115 1184 in
1153 1145 1292 1197 capite
1329 1144 1554 1197 percussit,
1587 1147 1633 1183 et,

98 1208 219 1248 dedit
259 1208 429 1262 plagam
466 1209 706 1259 mortalem,
745 1223 795 1249 ex
827 1223 909 1262 qua
943 1209 1028 1248 cito
1063 1212 1159 1261 post
1196 1208 1317 1248 obiit.
1380 1208 1473 1256 Quo
1504 1207 1632 1257 facto,

99 1273 368 1325 supradictus
405 1273 612 1312 Ricardus
633 1271 807 1327 NVright
839 1273 1110 1313 succurrebat
1141 1272 1316 1325 praefato
1338 1273 1365 1313 J
1368 1271 1529 1311 ohanni
1555 1270 1632 1310 ho-

98 1337 266 1377 micidae
297 1337 351 1376 ad
383 1337 654 1376 evadendum
680 1351 835 1377 manus
857 1338 1248 1377 circumstancium.
1310 1337 1393 1376 Pro
1415 1350 1498 1389 quo
1521 1336 1632 1375 facto

97 1401 231 1454 peciit
270 1401 596 1441 immunitatem
637 1401 825 1454 praefatae
867 1401 1071 1451 eedesiae,
1107 1405 1151 1441 et
1193 1401 1439 1441 libertatem
1487 1400 1632 1440 Sancti

98 1464 341 1506 Cuthberti.
403 1465 695 1505 Praesentibus
731 1466 918 1518 dompno
953 1465 1138 1520 Georgio
1175 1463 1424 1514 Cornfurth,
1458 1465 1633 1504 sacrista

97 1529 286 1570 ecclesiae
314 1530 532 1583 predictae,
554 1529 581 1570 J
584 1528 752 1569 ohanne
774 1530 1051 1580 Batmanson,
1073 1530 1238 1569 notario
1259 1529 1446 1582 publico,
1468 1528 1633 1568 Thoma

98 1592 278 1647 Riehop,
315 1597 358 1633 et
394 1593 574 1633 Ricardo
616 1592 874 1648 Hanburgh,
909 1594 1097 1633 testibus
1138 1594 1190 1633 ad
1222 1594 1441 1647 praemissa
1473 1593 1631 1632 vocatis

100 1659 343 1712 specialiter
364 1663 405 1698 et
429 1659 604 1712 rogatis.

278 1771 521 1815 (REGISTRUM
541 1770 584 1804 V.
604 1770 648 1805 so.
669 1772 715 1805 ‘20‘
735 1771 826 1816 (31).
878 1772 1010 1806 Smer.
1031 1771 1210 1806 Dcmmr.
1229 1783 1288 1817 pp.
1308 1772 1365 1814 25,
1384 1771 1464 1805 218.

188 1852 473 1895 Christoferus
510 1853 651 1906 Easby
685 1858 725 1893 et
765 1853 1011 1893 VVillelmus
1048 1853 1189 1907 Easby
1225 1854 1278 1893 de
1314 1854 1470 1906 Ripon,
1504 1853 1631 1893 Ebor.

98 1918 220 1959 dioee.
253 1919 299 1957 in
335 1918 516 1972 propriis
549 1918 635 1957 suis
667 1918 858 1970 personis
887 1922 1099 1958 venerunt
1131 1918 1183 1958 ad
1215 1918 1450 1957 Ecclesiam
1480 1916 1633 1958 Cathe-

98 1982 238 2022 dalem
279 1982 618 2022 Dunelmensem
641 1982 778 2035 primo
816 1982 884 2021 die
927 1983 1086 2022 mensis
1127 1983 1264 2032 Junii,
1298 1983 1422 2022 Anno
1456 1982 1632 2021 Domini

98 2047 333 2087 Millesimo
369 2051 511 2087 6660ωο
552 2046 750 2096 lmxwi,
787 2050 832 2086 et
867 2047 1044 2097 ibidem,
1077 2047 1258 2100 pulsatis
1298 2047 1528 2099 campanis,
1565 2046 1631 2085 in-

1769 113 1853 157 311

1668 509 1736 532 A.D.
1754 502 1838 530 1488.

1668 557 1787 586 I'eticiu
1805 558 1866 586 Im-

1668 598 1824 626 munitatis

1668 636 1800 665 Ricardi

1677 676 1717 705 W
1716 676 1802 714 riylzl.

1667 1864 1736 1886 ΛΑ).
1753 1858 1838 1886 1495.

1668 1913 1784 1942 Felicio
1805 1913 1867 1942 Im-

1667 1963 1692 1981 m
1699 1964 1736 1981 un
1742 1954 1783 1981 itu
1788 1954 1826 1981 tis

1671 1992 1711 2021 Ch
1718 1993 1790 2020 rista
1785 1992 1856 2030 seri

1667 2031 1775 2069 Eas-by
1789 2036 1817 2060 el

1676 2070 1816 2099 Wi'lelmi

99 2114 266 2151 stanter
286 2112 509 2164 pecierunt
543 2112 867 2151 immunitatem
901 2115 945 2151 et
977 2112 1223 2151 libertatem
1252 2110 1453 2150 Ecclesiae
1476 2108 1632 2150 Cathe—
1659 2111 1776 2149 fratris
1791 2111 1867 2149 <sus-

99 2176 228 2216 dralis
259 2176 488 2228 praedictae,
510 2189 586 2229 pro
624 2189 672 2215 eo
706 2176 820 2228 quod
851 2176 933 2229 ipsi
967 2176 1168 2215 vicesimo
1204 2176 1335 2215 tercio
1367 2175 1436 2214 die
1472 2174 1632 2213 mensis

102 2240 223 2291 Maii,
243 2254 356 2280 anno
377 2240 551 2280 Domini
586 2240 842 2293 supradicto,
864 2240 1079 2280 insultum
1112 2240 1307 2279 fecerunt
1343 2240 1388 2278 111
1417 2239 1633 2291 quendam

103 2303 348 2346 Johannem
379 2304 540 2344 Dixson
572 2305 625 2344 de
663 2305 814 2344 eadem
836 2304 936 2344 villa
969 2305 1022 2344 de
1054 2304 1210 2357 Ripon,
1232 2309 1280 2343 ut
1314 2304 1358 2342 in
1381 2303 1633 2342 aristacione

102 2369 237 2422 ipsius
258 2368 285 2408 J
289 2367 470 2408 ohannis
494 2368 548 2408 ad
570 2382 735 2421 pacem,
758 2372 805 2408 ut
837 2371 1048 2418 asserunt,
1071 2373 1115 2408 et
1144 2382 1220 2421 pro
1242 2381 1291 2407 eo
1313 2367 1426 2421 quod
1449 2368 1538 2420 ipse
1561 2367 1586 2406 J
1591 2380 1635 2406 o-

102 2431 266 2472 hannes
298 2432 471 2472 nolebat
505 2432 677 2473 obedire
708 2433 987 2472 aristamento
1008 2432 1142 2486 ipsius
1165 2430 1413 2473 Christoferi
1445 2431 1498 2471 ad
1529 2435 1635 2470 tunc

100 2497 264 2537 ibidem
307 2496 569 2546 sub-ballivi,
605 2497 702 2536 ideo
738 2497 881 2550 ipsum
922 2495 1168 2537 Johannem
1209 2497 1370 2536 Dixson
1406 2496 1636 2548 praedictus

101 2559 388 2602 Christoferus
424 2574 521 2600 cum
555 2559 572 2614 j
609 2559 646 2614 lq
687 2559 780 2600 Bill
820 2561 866 2600 in
899 2561 1069 2614 scapula
1102 2561 1282 2601 felonice
1329 2560 1553 2613 percussit,
1593 2563 1638 2598 et

101 2625 258 2664 vulnus
280 2638 489 2678 magnum
511 2625 733 2678 imposuit,
748 2638 798 2664 ex
820 2638 903 2678 qua
926 2639 1024 2665 vero
1046 2625 1319 2679 percussione
1341 2624 1457 2663 idem
1474 2622 1635 2662 ,10111111-

101 2703 178 2729 nes
219 2689 540 2729 incontinenter
580 2690 702 2729 obiit.
781 2689 864 2729 Pro
907 2703 989 2742 qua
1032 2689 1208 2743 quidem
1242 2688 1399 2727 felonia
1442 2687 1637 2740 praedicti

103 2752 390 2794 Christoferus
427 2753 582 2806 Easby,
610 2758 656 2793 ut
690 2753 936 2806 principalis
970 2758 1100 2802 actor,
1136 2757 1177 2792 et
1215 2752 1461 2791 willelmus
1498 2751 1638 2804 Easby

108 2817 238 2857 frater
290 2816 382 2870 ejus
423 2818 625 2857 assistens
667 2818 720 2867 ei,
763 2818 862 2870 quia
914 2817 1111 2857 interfuit
1164 2815 1412 2870 hujusmodi
1464 2816 1640 2864 accioni,

108 2882 304 2934 quamvis
338 2882 377 2921 ei
411 2882 581 2935 aliquod
607 2882 763 2922 vulnus
790 2882 841 2922 ud
877 2887 979 2922 tunc
1004 2896 1087 2922 non
1127 2881 1328 2934 imposuit
1365 2884 1409 2920 ut
1445 2880 1640 2929 asseruit,
