1935 3151
102 137 197 184 20⁶2.

102 485 240 523 Chapter
254 484 289 514 of

103 525 204 562 Rip-ru
219 528 252 554 to

103 564 142 593 G.
158 564 195 593 de

103 602 257 641 Hewyke.

101 808 141 837 G.
159 809 196 836 de
212 807 253 836 H.
270 810 302 836 to

104 851 228 885 present
244 856 261 875 a

103 886 260 923 chaplaiu.

102 940 269 969 Oblations

101 980 162 1008 due
178 984 210 1008 to
226 980 281 1009 the

103 1019 228 1047 mother

101 1058 233 1087 church.

101 1247 168 1276 The
180 1246 302 1275 mother

103 1286 220 1314 church
236 1288 268 1314 to

103 1325 141 1353 be
156 1325 274 1353 visited

102 1373 142 1392 on
157 1364 274 1392 certain

103 1403 207 1432 feasts.

105 1760 241 1790 Mainte-

105 1809 202 1828 nance
217 1800 250 1828 of

102 1838 262 1876 chaplain.

107 2390 190 2420 Rent
204 2391 236 2419 of
249 2392 290 2420 2³.

105 2434 138 2459 to
158 2430 303 2468 Chapter.

105 2840 145 2870 W
152 2841 160 2870 i
167 2844 263 2871 tncsse
268 2851 289 2870 s.

818 153 1095 188 MEMORIALS
1130 154 1188 187 OF
1223 153 1369 188 RIPON
1375 177 1382 186 .

456 314 533 349 CV.
567 314 785 350 LICENCE
817 314 917 349 FOR
949 313 1157 349 CHAPEL
1190 314 1258 349 AT
1291 314 1504 349 HEWICK
1536 314 1740 353 BRIDGE.

848 391 1136 436 (DARNBROUGH
1161 391 1239 427 MS.
1266 393 1394 435 xxxv.)

426 475 647 516 Universis
679 474 756 515 has
786 475 931 515 literas
954 475 1108 515 visuris
1130 475 1197 516 vel
1219 476 1446 526 audituris,
1469 475 1717 530 Capitulum
1742 477 1866 517 Beati

335 539 522 579 Wilfridj
544 540 597 579 de
615 539 795 592 Rypon',
811 539 996 578 salutem
1017 539 1063 578 in
1085 540 1268 580 Domino
1291 541 1609 593 sempiternam.
1651 540 1868 581 Noveritis

335 616 412 642 nos
444 603 699 642 concessisse
733 602 925 643 Galfrido
956 602 1009 642 de
1040 602 1232 656 Hewyke
1254 607 1299 643 et
1329 601 1570 644 haeredibus
1603 605 1690 644 suis
1711 603 1867 645 habere

334 667 568 706 cantariam
599 666 712 719 apud
744 665 934 719 Hewyke
955 667 1008 706 ad
1029 670 1221 720 pontem,
1244 671 1289 707 et
1316 667 1587 720 capellanum
1609 669 1867 708 servientem

334 731 513 781 ibidem,
536 730 651 770 salvo
671 731 717 769 in
739 730 938 770 omnibus
954 729 1052 783 jure
1073 729 1303 783 parochiali
1317 731 1396 771 sub
1408 730 1488 770 hac
1504 731 1652 782 forma,
1666 732 1868 772 videlicet

334 794 447 847 quod
482 793 721 847 praedictus
751 793 970 834 Galfridus
1002 797 1047 833 et
1075 792 1266 833 haeredes
1298 794 1364 833 sui
1393 794 1717 848 praesentabunt
1746 795 1869 835 nobis

333 858 603 911 capellanum
632 858 859 897 annuatim
890 858 936 897 in
968 858 1079 898 festo
1111 857 1257 898 Sancti
1287 857 1513 898 Michaelis
1545 861 1780 911 antequam
1820 859 1868 899 in

334 921 539 975 praedicta
575 922 736 975 capella
776 922 1010 962 ministret.
1072 921 1100 962 J
1102 921 1246 961 urabit
1287 924 1332 961 et
1372 922 1488 962 idem
1529 922 1773 975 capellanus
1814 923 1868 962 de

334 985 651 1038 indempnitate
673 985 942 1025 oblacionum
964 985 1276 1025 obvencionum
1290 988 1335 1025 et
1347 986 1541 1025 omnium
1561 985 1868 1026 beneficiorum

335 1062 429 1102 quae
450 1049 691 1102 antiquitus
713 1051 758 1089 et
779 1049 832 1089 de
853 1061 963 1088 novo
983 1048 1036 1088 ad
1059 1048 1281 1088 ecclesiam
1308 1052 1499 1088 nostram
1529 1050 1744 1102 pertinere
1772 1049 1869 1104 dig-

334 1115 585 1162 noscuntur,
617 1115 662 1152 et
692 1112 804 1165 quod
836 1112 975 1152 fidelis
1007 1113 1091 1152 erit
1121 1112 1309 1152 ecclesiae
1340 1116 1497 1152 nostrae
1528 1116 1574 1152 et
1604 1112 1791 1165 capitulo
1822 1117 1869 1153 et

334 1177 537 1216 canonico
557 1176 611 1215 ad
632 1175 755 1229 cujus
777 1176 1051 1230 praebendam
1080 1174 1339 1229 parochialia
1359 1176 1596 1229 pertinent,
1617 1189 1697 1216 nec
1719 1190 1789 1216 eos
1820 1177 1867 1216 in

333 1240 477 1293 aliquo
506 1240 617 1293 quod
641 1243 806 1293 spectet
835 1240 890 1280 ad
914 1239 988 1294 jus
1009 1240 1158 1280 matris
1190 1240 1377 1280 ecclesiae
1408 1239 1692 1281 defraudabit.
1754 1240 1869 1281 Prae-

334 1304 478 1344 dictus
499 1318 599 1344 vero
621 1303 843 1344 Galfridus
865 1308 910 1344 et
930 1303 1120 1344 haeredes
1144 1304 1208 1343 sui
1239 1317 1337 1343 cum
1357 1303 1521 1343 familia
1542 1317 1617 1344 sua
1645 1304 1691 1343 in
1713 1304 1868 1344 solem-

334 1368 545 1407 nitatibus
567 1367 732 1407 Natalis
754 1368 944 1418 Domini,
961 1366 1148 1418 Paschae,
1165 1370 1210 1407 et
1233 1367 1379 1407 Sancti
1396 1367 1597 1419 Wilfridi,
1613 1368 1666 1408 ad
1686 1371 1869 1408 matrem

334 1431 557 1471 ecclesiam
607 1431 785 1471 venient
834 1432 1073 1471 annuatim.
1136 1430 1289 1471 Caeteri
1330 1444 1429 1471 vero
1478 1430 1723 1485 parochiani
1763 1446 1870 1485 prae-

334 1495 566 1534 nominatae
607 1494 718 1534 villae
769 1495 815 1534 in
865 1493 948 1534 hiis
992 1494 1335 1534 solemnitatibus
1376 1495 1553 1534 venient
1592 1495 1646 1534 ad
1686 1499 1870 1535 matrem

336 1558 573 1608 ecclesiam,
599 1558 764 1598 scilicet
795 1559 865 1598 die
886 1558 1054 1598 Natalis
1077 1558 1266 1607 Domini,
1287 1558 1356 1597 die
1378 1558 1698 1598 Purificacionis
1728 1559 1870 1599 Beatae

335 1622 497 1672 Mariae,
520 1622 589 1661 die
613 1621 759 1662 Crucis
780 1622 1017 1671 adorandae,
1040 1621 1110 1661 die
1139 1620 1326 1671 Paschae,
1348 1621 1500 1662 diebus
1530 1622 1803 1662 Ascensionis
1825 1626 1871 1663 et

338 1686 628 1736 Pentecostes,
651 1685 803 1725 diebus
826 1685 973 1726 Sancti
993 1685 1183 1724 Wilfridi
1203 1689 1249 1724 et
1280 1685 1350 1725 die
1373 1684 1578 1726 Omnium
1601 1685 1870 1736 Sanctorum,

340 1753 385 1788 et
405 1750 451 1788 in
465 1749 662 1789 omnibus
684 1749 779 1789 aliis
800 1749 921 1789 festis
942 1749 1100 1789 debitis
1122 1752 1166 1789 et
1186 1749 1416 1789 consuetis.
1449 1750 1516 1789 Ad
1537 1748 1626 1789 haec
1639 1750 1869 1803 praedictus

342 1813 562 1853 Galfridus
594 1817 639 1852 et
668 1812 858 1853 haeredes
890 1814 955 1853 sui
990 1812 1167 1866 praefato
1207 1812 1423 1865 capellano
1453 1813 1499 1852 in
1531 1814 1679 1854 eadem
1710 1813 1870 1867 capella

342 1877 545 1917 servienti
565 1877 700 1916 victui
721 1880 766 1917 et
782 1878 959 1917 vestitui
980 1876 1228 1927 necessaria,
1250 1876 1318 1915 vel
1339 1889 1414 1929 pro
1435 1875 1502 1916 his
1523 1880 1735 1930 quantum
1756 1877 1870 1917 inter

342 1954 413 1980 eos
444 1942 707 1992 convenerit,
730 1941 783 1980 de
814 1941 983 1994 proprio
1013 1940 1308 1994 assignabunt,
1330 1940 1391 1979 ita
1421 1940 1533 1992 quod
1554 1940 1792 1993 capitulum
1822 1941 1869 1979 in

342 2004 461 2044 nullo
484 2008 698 2045 oneretur.
731 2005 788 2044 Et
811 2005 846 2044 si
867 2005 962 2058 quis
983 2004 1320 2058 presbiterorum
1342 2003 1504 2044 ibidem
1525 2004 1869 2043 ministrancium

341 2068 484 2120 aliquo
497 2071 688 2121 tempore
703 2071 850 2107 contra
867 2063 1181 2107 sacramentum
1197 2066 1364 2117 fecerit,
1378 2070 1423 2106 et
1431 2066 1502 2120 jus
1519 2068 1668 2107 matris
1681 2067 1870 2107 ecclesiae

340 2131 504 2183 aliquid
527 2131 785 2171 subtraxerit
804 2131 1115 2180 fraudulenter,
1137 2130 1421 2183 presbiterum
1444 2131 1591 2170 statim
1612 2131 1869 2170 auctoritate

340 2199 484 2234 nostra
505 2195 725 2247 ejiciemus
749 2195 839 2234 sine
861 2194 1200 2234 contradiccione
1223 2194 1356 2246 ipsius
1372 2192 1554 2233 Galfridi
1569 2193 1636 2234 vel
1649 2192 1868 2233 haeredum

340 2270 528 2298 suorum.
588 2258 824 2298 Praedictus
845 2271 944 2298 vero
966 2257 1185 2297 Galfridus
1207 2260 1252 2296 et
1272 2255 1460 2296 haeredes
1483 2258 1549 2296 sui
1574 2256 1785 2310 jurabunt
1815 2256 1867 2296 de

338 2321 653 2375 indempnitate
675 2322 825 2361 matris
847 2321 1049 2371 ecclesiae,
1073 2324 1118 2360 et
1138 2320 1252 2373 quod
1277 2333 1302 2359 a
1332 2321 1534 2373 praedieta
1554 2320 1866 2360 constitucione

339 2398 424 2424 non
466 2385 680 2425 recedent.
742 2385 965 2425 Reddend.
1007 2384 1108 2424 inde
1149 2384 1375 2423 annuatim
1415 2384 1530 2423 idem
1573 2383 1791 2424 Galfridus
1823 2386 1868 2422 et

338 2446 528 2488 haeredes
559 2449 624 2488 sui
655 2448 777 2488 nobis
809 2452 854 2488 et
885 2448 1197 2488 successoribus
1227 2447 1384 2486 nostris
1414 2448 1460 2486 in
1482 2450 1740 2500 perpetuum
1761 2447 1867 2486 duos

339 2511 493 2551 solidos
515 2512 682 2565 argenti
700 2526 711 2559 3
733 2512 949 2561 videlicet,
971 2511 1198 2552 duodecim
1218 2510 1412 2551 denarios
1434 2511 1486 2550 ad
1504 2507 1806 2559 Pentecosten,
1822 2512 1869 2548 et

339 2575 565 2614 duodecim
587 2575 782 2614 denarios
814 2575 866 2614 ad
890 2575 1051 2614 festum
1083 2574 1229 2615 Sancti
1260 2574 1438 2613 Martini
1470 2574 1515 2612 in
1543 2572 1711 2626 hyeme,
1734 2573 1867 2612 eciam

341 2639 372 2677 si
410 2638 570 2691 capella
607 2639 696 2691 ipsa
734 2639 911 2677 servicio
946 2641 1061 2677 caret
1096 2637 1338 2678 sacerdotis.
1399 2637 1452 2676 In
1487 2635 1609 2689 cujus
1644 2636 1705 2675 rei
1742 2636 1868 2675 testi-

339 2704 534 2740 monium
555 2705 645 2741 tam
665 2714 742 2740 nos
759 2714 886 2753 quam
908 2701 1137 2753 praedictus
1160 2700 1380 2740 Galfridus
1393 2698 1676 2753 praesentibus
1698 2698 1868 2751 scriptis

338 2764 383 2802 in
419 2764 594 2803 modum
631 2762 902 2817 chirographi
933 2764 1095 2813 divisis,
1132 2763 1380 2802 alternat-im
1417 2765 1561 2801 nostra
1590 2762 1867 2814 apposuimus
1928 2777 1931 2779 ’

343 2827 499 2880 sigilla.
560 2828 658 2866 Hiis
700 2826 899 2876 testibus,
940 2826 1138 2865 Dominis
1180 2826 1272 2865 Ada
1311 2826 1365 2865 de
1406 2823 1866 2878 Pynkeneye,Thoma

277 2897 282 2902 ’
341 2890 426 2929 filio
449 2890 609 2939 Briani,
642 2890 827 2944 IIugone
858 2890 910 2929 (16
944 2888 1199 2938 Roderham,
1223 2889 1387 2942 Rogero
1417 2888 1467 2928 de
1491 2888 1527 2927 la
1553 2889 1682 2941 Leye‚
1703 2885 1865 2926 Thoma
