<?xml version="1.0" encoding="UTF-8"?>
<!DOCTYPE html PUBLIC "-//W3C//DTD XHTML 1.0 Transitional//EN"
    "http://www.w3.org/TR/xhtml1/DTD/xhtml1-transitional.dtd">
<html xmlns="http://www.w3.org/1999/xhtml" xml:lang="en" lang="en">
 <head>
  <title>
</title>
<meta http-equiv="Content-Type" content="text/html;charset=utf-8" />
  <meta name='ocr-system' content='tesseract 3.04.00' />
  <meta name='ocr-capabilities' content='ocr_page ocr_carea ocr_par ocr_line ocrx_word'/>
</head>
<body>
  <div class='ocr_page' id='page_1' title='image "./memorialsofchurc01fowl/memorialsofchurc01fowl_0354.png"; bbox 0 0 1935 3151; ppageno 0'>
   <div class='ocr_carea' id='block_1_1' title="bbox 88 186 180 233">
    <p class='ocr_par' dir='ltr' id='par_1_1' title="bbox 88 186 180 233">
     <span class='ocr_line' id='line_1_1' title="bbox 88 186 180 233; baseline 0 0"><span class='ocrx_word' id='word_1_1' title='bbox 88 186 180 233; x_wconf 87' lang='lat'><strong>330</strong></span> 
     </span>
    </p>
   </div>
   <div class='ocr_carea' id='block_1_2' title="bbox 92 1043 201 1111">
    <p class='ocr_par' dir='ltr' id='par_1_2' title="bbox 92 1043 201 1111">
     <span class='ocr_line' id='line_1_2' title="bbox 92 1043 201 1072; baseline -0.009 0"><span class='ocrx_word' id='word_1_2' title='bbox 92 1043 118 1072; x_wconf 92' lang='lat' dir='ltr'><strong>T</strong></span> <span class='ocrx_word' id='word_1_3' title='bbox 120 1053 136 1072; x_wconf 90' lang='grc' dir='ltr'>ο</span> <span class='ocrx_word' id='word_1_4' title='bbox 151 1043 201 1071; x_wconf 76' lang='lat' dir='ltr'><strong>his</strong></span> 
     </span>
     <span class='ocr_line' id='line_1_3' title="bbox 92 1083 185 1111; baseline 0 0"><span class='ocrx_word' id='word_1_5' title='bbox 92 1083 185 1111; x_wconf 84' lang='lat' dir='ltr'><strong>clerk.</strong></span> 
     </span>
    </p>
   </div>
   <div class='ocr_carea' id='block_1_3' title="bbox 92 1137 270 1206">
    <p class='ocr_par' dir='ltr' id='par_1_3' title="bbox 92 1137 270 1206">
     <span class='ocr_line' id='line_1_4' title="bbox 92 1137 236 1166; baseline 0 0"><span class='ocrx_word' id='word_1_6' title='bbox 92 1138 138 1166; x_wconf 88' lang='lat' dir='ltr'><strong>To</strong></span> <span class='ocrx_word' id='word_1_7' title='bbox 152 1137 236 1166; x_wconf 83' lang='lat' dir='ltr'><strong>John</strong></span> 
     </span>
     <span class='ocr_line' id='line_1_5' title="bbox 93 1177 270 1206; baseline 0.006 -1"><span class='ocrx_word' id='word_1_8' title='bbox 93 1178 146 1205; x_wconf 83' lang='lat' dir='ltr'><strong>the</strong></span> <span class='ocrx_word' id='word_1_9' title='bbox 161 1177 270 1206; x_wconf 77' lang='lat' dir='ltr'><strong>vicars&#39;</strong></span> 
     </span>
    </p>
   </div>
   <div class='ocr_carea' id='block_1_4' title="bbox 54 1216 179 1245">
    <p class='ocr_par' dir='ltr' id='par_1_4' title="bbox 54 1216 179 1245">
     <span class='ocr_line' id='line_1_6' title="bbox 54 1216 179 1245; baseline -0.016 1"><span class='ocrx_word' id='word_1_10' title='bbox 54 1229 58 1232; x_wconf 94' lang='lat'>·</span> <span class='ocrx_word' id='word_1_11' title='bbox 94 1216 179 1245; x_wconf 78' lang='lat' dir='ltr'><strong>cook.</strong></span> 
     </span>
    </p>
   </div>
   <div class='ocr_carea' id='block_1_5' title="bbox 97 1550 277 1697">
    <p class='ocr_par' dir='ltr' id='par_1_5' title="bbox 97 1550 277 1697">
     <span class='ocr_line' id='line_1_7' title="bbox 98 1550 277 1579; baseline -0.006 0"><span class='ocrx_word' id='word_1_12' title='bbox 98 1550 159 1579; x_wconf 78' lang='lat' dir='ltr'><strong>llis</strong></span> <span class='ocrx_word' id='word_1_13' title='bbox 174 1550 277 1579; x_wconf 60' lang='lat' dir='ltr'><strong>missal</strong></span> 
     </span>
     <span class='ocr_line' id='line_1_8' title="bbox 97 1591 187 1618; baseline 0 0"><span class='ocrx_word' id='word_1_14' title='bbox 97 1593 128 1618; x_wconf 80' lang='lat' dir='ltr'><strong>to</strong></span> <span class='ocrx_word' id='word_1_15' title='bbox 144 1591 187 1618; x_wconf 69' lang='lat' dir='ltr'><strong>St.</strong></span> 
     </span>
     <span class='ocr_line' id='line_1_9' title="bbox 100 1628 264 1657; baseline 0 0"><span class='ocrx_word' id='word_1_16' title='bbox 100 1628 264 1657; x_wconf 75' lang='lat' dir='ltr'><strong>Andrcw’s</strong></span> 
     </span>
     <span class='ocr_line' id='line_1_10' title="bbox 97 1668 186 1697; baseline -0.011 0"><span class='ocrx_word' id='word_1_17' title='bbox 97 1668 186 1697; x_wconf 76' lang='lat' dir='ltr'><strong>altar.</strong></span> 
     </span>
    </p>
   </div>
   <div class='ocr_carea' id='block_1_6' title="bbox 794 195 1353 231">
    <p class='ocr_par' dir='ltr' id='par_1_6' title="bbox 794 195 1353 231">
     <span class='ocr_line' id='line_1_11' title="bbox 794 195 1353 231; baseline -0.005 -1"><span class='ocrx_word' id='word_1_18' title='bbox 794 196 1068 231; x_wconf 78' lang='lat' dir='ltr'><strong>MEMORIALS</strong></span> <span class='ocrx_word' id='word_1_19' title='bbox 1103 196 1161 229; x_wconf 84' lang='lat' dir='ltr'><strong>OF</strong></span> <span class='ocrx_word' id='word_1_20' title='bbox 1194 195 1353 228; x_wconf 79' lang='lat' dir='ltr'><strong>RIPON.</strong></span> 
     </span>
    </p>
   </div>
   <div class='ocr_carea' id='block_1_7' title="bbox 316 304 1850 2659">
    <p class='ocr_par' dir='ltr' id='par_1_7' title="bbox 316 304 1850 2659">
     <span class='ocr_line' id='line_1_12' title="bbox 317 304 1834 366; baseline -0.003 -14"><span class='ocrx_word' id='word_1_21' title='bbox 317 326 435 366; x_wconf 88' lang='lat' dir='ltr'><strong>pum,</strong></span> <span class='ocrx_word' id='word_1_22' title='bbox 451 311 469 366; x_wconf 92' lang='lat' dir='ltr'><strong>j</strong></span> <span class='ocrx_word' id='word_1_23' title='bbox 500 310 691 362; x_wconf 62' lang='lat' dir='ltr'><strong>&amp;Monet-,¹</strong></span> <span class='ocrx_word' id='word_1_24' title='bbox 726 311 784 351; x_wconf 91' lang='lat' dir='ltr'><strong>di.</strong></span> <span class='ocrx_word' id='word_1_25' title='bbox 816 309 909 350; x_wconf 91' lang='lat' dir='ltr'><strong>dus&#39;</strong></span> <span class='ocrx_word' id='word_1_26' title='bbox 941 321 1103 362; x_wconf 33' lang='lat' dir='ltr'><strong>*qarfnes</strong></span> <span class='ocrx_word' id='word_1_27' title='bbox 1124 308 1177 348; x_wconf 92' lang='lat' dir='ltr'><strong>de</strong></span> <span class='ocrx_word' id='word_1_28' title='bbox 1209 304 1358 347; x_wconf 78' lang='lat' dir='ltr'><strong>vessell</strong></span> <span class='ocrx_word' id='word_1_29' title='bbox 1384 306 1438 346; x_wconf 92' lang='lat' dir='ltr'><strong>de</strong></span> <span class='ocrx_word' id='word_1_30' title='bbox 1453 305 1634 361; x_wconf 75' lang='lat' dir='ltr'><strong>pewdre</strong></span> <span class='ocrx_word' id='word_1_31' title='bbox 1649 307 1664 330; x_wconf 76' lang='lat'>²</span> <span class='ocrx_word' id='word_1_32' title='bbox 1685 320 1783 347; x_wconf 90' lang='lat' dir='ltr'><strong>cum</strong></span> <span class='ocrx_word' id='word_1_33' title='bbox 1803 306 1834 361; x_wconf 88' lang='lat' dir='ltr'><strong>ij</strong></span> 
     </span>
     <span class='ocr_line' id='line_1_13' title="bbox 317 371 1840 429; baseline -0.005 -12"><span class='ocrx_word' id='word_1_34' title='bbox 317 374 592 429; x_wconf 68' lang='lat' dir='ltr'><strong>charyiours.</strong></span> <span class='ocrx_word' id='word_1_35' title='bbox 652 375 767 415; x_wconf 82' lang='lat' dir='ltr'><strong>Item</strong></span> <span class='ocrx_word' id='word_1_36' title='bbox 802 374 899 428; x_wconf 89' lang='lat' dir='ltr'><strong>lego</strong></span> <span class='ocrx_word' id='word_1_37' title='bbox 933 371 1106 412; x_wconf 89' lang='lat' dir='ltr'><strong>Thomae</strong></span> <span class='ocrx_word' id='word_1_38' title='bbox 1147 371 1271 411; x_wconf 87' lang='lat' dir='ltr'><strong>fratri</strong></span> <span class='ocrx_word' id='word_1_39' title='bbox 1301 385 1411 422; x_wconf 83' lang='lat' dir='ltr'><strong>meo,</strong></span> <span class='ocrx_word' id='word_1_40' title='bbox 1443 371 1587 410; x_wconf 84' lang='lat' dir='ltr'><strong>omnia</strong></span> <span class='ocrx_word' id='word_1_41' title='bbox 1625 373 1761 411; x_wconf 90' lang='lat' dir='ltr'><strong>terras</strong></span> <span class='ocrx_word' id='word_1_42' title='bbox 1793 374 1840 411; x_wconf 89' lang='lat' dir='ltr'><strong>et</strong></span> 
     </span>
     <span class='ocr_line' id='line_1_14' title="bbox 316 433 1840 491; baseline -0.005 -10"><span class='ocrx_word' id='word_1_43' title='bbox 316 444 565 481; x_wconf 82' lang='lat' dir='ltr'><strong>tenementa</strong></span> <span class='ocrx_word' id='word_1_44' title='bbox 598 452 696 478; x_wconf 90' lang='lat' dir='ltr'><strong>cum</strong></span> <span class='ocrx_word' id='word_1_45' title='bbox 727 437 1002 491; x_wconf 75' lang='lat' dir='ltr'>pertinenciis</span> <span class='ocrx_word' id='word_1_46' title='bbox 1034 449 1128 489; x_wconf 83' lang='lat' dir='ltr'><strong>quae</strong></span> <span class='ocrx_word' id='word_1_47' title='bbox 1155 433 1292 474; x_wconf 87' lang='lat' dir='ltr'><strong>habeo</strong></span> <span class='ocrx_word' id='word_1_48' title='bbox 1325 435 1373 474; x_wconf 93' lang='lat' dir='ltr'><strong>in</strong></span> <span class='ocrx_word' id='word_1_49' title='bbox 1408 433 1650 488; x_wconf 88' lang='lat' dir='ltr'><strong>Mepehale‚</strong></span> <span class='ocrx_word' id='word_1_50' title='bbox 1683 434 1763 475; x_wconf 86' lang='lat' dir='ltr'><strong>sibi</strong></span> <span class='ocrx_word' id='word_1_51' title='bbox 1795 437 1840 474; x_wconf 92' lang='lat' dir='ltr'><strong>et</strong></span> 
     </span>
     <span class='ocr_line' id='line_1_15' title="bbox 318 497 1839 554; baseline -0.007 -9"><span class='ocrx_word' id='word_1_52' title='bbox 318 504 556 545; x_wconf 71' lang='lat' dir='ltr'><strong>haeredibus</strong></span> <span class='ocrx_word' id='word_1_53' title='bbox 589 503 689 543; x_wconf 91' lang='lat' dir='ltr'><strong>suis.</strong></span> <span class='ocrx_word' id='word_1_54' title='bbox 749 502 865 541; x_wconf 92' lang='lat' dir='ltr'><strong>Item</strong></span> <span class='ocrx_word' id='word_1_55' title='bbox 894 501 991 554; x_wconf 88' lang='lat' dir='ltr'><strong>lego</strong></span> <span class='ocrx_word' id='word_1_56' title='bbox 1021 500 1162 540; x_wconf 90' lang='lat' dir='ltr'><strong>eidem</strong></span> <span class='ocrx_word' id='word_1_57' title='bbox 1183 497 1370 549; x_wconf 87' lang='lat' dir='ltr'><strong>Thomae,</strong></span> <span class='ocrx_word' id='word_1_58' title='bbox 1391 512 1523 538; x_wconf 92' lang='lat' dir='ltr'><strong>unam</strong></span> <span class='ocrx_word' id='word_1_59' title='bbox 1543 501 1692 553; x_wconf 87' lang='lat' dir='ltr'><strong>togam</strong></span> <span class='ocrx_word' id='word_1_60' title='bbox 1711 497 1839 539; x_wconf 89' lang='lat' dir='ltr'><strong>blod&#39;.</strong></span> 
     </span>
     <span class='ocr_line' id='line_1_16' title="bbox 319 561 1840 623; baseline -0.005 -14"><span class='ocrx_word' id='word_1_61' title='bbox 319 570 433 609; x_wconf 84' lang='lat' dir='ltr'><strong>Item</strong></span> <span class='ocrx_word' id='word_1_62' title='bbox 453 569 549 623; x_wconf 86' lang='lat' dir='ltr'><strong>lego</strong></span> <span class='ocrx_word' id='word_1_63' title='bbox 569 568 748 620; x_wconf 84' lang='lat' dir='ltr'><strong>Agnetae</strong></span> <span class='ocrx_word' id='word_1_64' title='bbox 780 566 909 605; x_wconf 88' lang='lat' dir='ltr'><strong>sorori</strong></span> <span class='ocrx_word' id='word_1_65' title='bbox 938 577 1046 604; x_wconf 84' lang='lat' dir='ltr'><strong>meae</strong></span> <span class='ocrx_word' id='word_1_66' title='bbox 1078 566 1122 603; x_wconf 91' lang='lat' dir='ltr'><strong>et</strong></span> <span class='ocrx_word' id='word_1_67' title='bbox 1151 561 1392 603; x_wconf 86' lang='lat' dir='ltr'><strong>haeredibus</strong></span> <span class='ocrx_word' id='word_1_68' title='bbox 1421 563 1523 613; x_wconf 81' lang='lat' dir='ltr'><strong>suis,</strong></span> <span class='ocrx_word' id='word_1_69' title='bbox 1545 563 1687 602; x_wconf 90' lang='lat' dir='ltr'><strong>omnia</strong></span> <span class='ocrx_word' id='word_1_70' title='bbox 1706 564 1840 602; x_wconf 86' lang='lat' dir='ltr'><strong>terras</strong></span> 
     </span>
     <span class='ocr_line' id='line_1_17' title="bbox 318 626 1841 683; baseline -0.005 -10"><span class='ocrx_word' id='word_1_71' title='bbox 318 638 364 674; x_wconf 91' lang='lat' dir='ltr'><strong>et</strong></span> <span class='ocrx_word' id='word_1_72' title='bbox 384 634 629 672; x_wconf 86' lang='lat' dir='ltr'><strong>tenementa</strong></span> <span class='ocrx_word' id='word_1_73' title='bbox 649 643 743 683; x_wconf 88' lang='lat' dir='ltr'><strong>quae</strong></span> <span class='ocrx_word' id='word_1_74' title='bbox 763 627 897 669; x_wconf 88' lang='lat' dir='ltr'><strong>habeo</strong></span> <span class='ocrx_word' id='word_1_75' title='bbox 917 629 964 668; x_wconf 90' lang='lat' dir='ltr'><strong>in</strong></span> <span class='ocrx_word' id='word_1_76' title='bbox 984 626 1242 667; x_wconf 88' lang='lat' dir='ltr'><strong>Wicheford.</strong></span> <span class='ocrx_word' id='word_1_77' title='bbox 1303 627 1361 666; x_wconf 90' lang='lat' dir='ltr'><strong>Et</strong></span> <span class='ocrx_word' id='word_1_78' title='bbox 1381 627 1417 666; x_wconf 93' lang='lat' dir='ltr'><strong>si</strong></span> <span class='ocrx_word' id='word_1_79' title='bbox 1437 627 1661 680; x_wconf 87' lang='lat' dir='ltr'><strong>contingat</strong></span> <span class='ocrx_word' id='word_1_80' title='bbox 1681 626 1841 666; x_wconf 89' lang='lat' dir='ltr'><strong>dictam</strong></span> 
     </span>
     <span class='ocr_line' id='line_1_18' title="bbox 320 687 1841 750; baseline -0.005 -14"><span class='ocrx_word' id='word_1_81' title='bbox 320 698 532 750; x_wconf 85' lang='lat' dir='ltr'><strong>Agnetem</strong></span> <span class='ocrx_word' id='word_1_82' title='bbox 554 695 644 734; x_wconf 90' lang='lat' dir='ltr'><strong>sine</strong></span> <span class='ocrx_word' id='word_1_83' title='bbox 663 692 830 733; x_wconf 88' lang='lat' dir='ltr'><strong>haerede</strong></span> <span class='ocrx_word' id='word_1_84' title='bbox 851 692 904 732; x_wconf 90' lang='lat' dir='ltr'><strong>de</strong></span> <span class='ocrx_word' id='word_1_85' title='bbox 919 704 1089 744; x_wconf 91' lang='lat' dir='ltr'><strong>corpore</strong></span> <span class='ocrx_word' id='word_1_86' title='bbox 1112 704 1188 731; x_wconf 90' lang='lat' dir='ltr'><strong>suo</strong></span> <span class='ocrx_word' id='word_1_87' title='bbox 1208 691 1404 745; x_wconf 73' lang='lat' dir='ltr'><strong>legitime</strong></span> <span class='ocrx_word' id='word_1_88' title='bbox 1425 687 1688 744; x_wconf 87' lang='lat' dir='ltr'><strong>procre(a)to</strong></span> <span class='ocrx_word' id='word_1_89' title='bbox 1708 690 1841 740; x_wconf 90' lang='lat' dir='ltr'><strong>obire,</strong></span> 
     </span>
     <span class='ocr_line' id='line_1_19' title="bbox 320 752 1841 813; baseline -0.005 -13"><span class='ocrx_word' id='word_1_90' title='bbox 320 761 413 800; x_wconf 90' lang='lat' dir='ltr'><strong>volo</strong></span> <span class='ocrx_word' id='word_1_91' title='bbox 433 759 545 813; x_wconf 89' lang='lat' dir='ltr'><strong>quod</strong></span> <span class='ocrx_word' id='word_1_92' title='bbox 566 762 670 798; x_wconf 86' lang='lat' dir='ltr'><strong>tunc</strong></span> <span class='ocrx_word' id='word_1_93' title='bbox 691 756 893 811; x_wconf 75' lang='lat' dir='ltr'><strong>praedicta</strong></span> <span class='ocrx_word' id='word_1_94' title='bbox 913 760 1038 796; x_wconf 87' lang='lat' dir='ltr'><strong>terrae</strong></span> <span class='ocrx_word' id='word_1_95' title='bbox 1060 759 1105 795; x_wconf 91' lang='lat' dir='ltr'><strong>et</strong></span> <span class='ocrx_word' id='word_1_96' title='bbox 1124 757 1376 795; x_wconf 91' lang='lat' dir='ltr'><strong>tenementa</strong></span> <span class='ocrx_word' id='word_1_97' title='bbox 1395 757 1647 794; x_wconf 74' lang='lat' dir='ltr'><strong>remaneant</strong></span> <span class='ocrx_word' id='word_1_98' title='bbox 1666 752 1841 794; x_wconf 85' lang='lat' dir='ltr'><strong>Thomae</strong></span> 
     </span>
     <span class='ocr_line' id='line_1_20' title="bbox 321 818 1841 873; baseline -0.004 -9"><span class='ocrx_word' id='word_1_99' title='bbox 321 824 444 864; x_wconf 85' lang='lat' dir='ltr'><strong>fratri</strong></span> <span class='ocrx_word' id='word_1_100' title='bbox 476 836 572 863; x_wconf 88' lang='lat' dir='ltr'><strong>meo</strong></span> <span class='ocrx_word' id='word_1_101' title='bbox 611 826 656 862; x_wconf 90' lang='lat' dir='ltr'><strong>et</strong></span> <span class='ocrx_word' id='word_1_102' title='bbox 687 820 928 861; x_wconf 58' lang='lat' dir='ltr'><strong>haeredibus</strong></span> <span class='ocrx_word' id='word_1_103' title='bbox 960 820 1014 859; x_wconf 88' lang='lat' dir='ltr'><strong>de</strong></span> <span class='ocrx_word' id='word_1_104' title='bbox 1050 833 1223 873; x_wconf 89' lang='lat' dir='ltr'><strong>corpore</strong></span> <span class='ocrx_word' id='word_1_105' title='bbox 1257 832 1333 859; x_wconf 90' lang='lat' dir='ltr'><strong>suo</strong></span> <span class='ocrx_word' id='word_1_106' title='bbox 1366 818 1562 873; x_wconf 86' lang='lat' dir='ltr'><strong>legitime</strong></span> <span class='ocrx_word' id='word_1_107' title='bbox 1593 818 1841 871; x_wconf 91' lang='lat' dir='ltr'><strong>procreatis.</strong></span> 
     </span>
     <span class='ocr_line' id='line_1_21' title="bbox 321 882 1843 939; baseline -0.005 -11"><span class='ocrx_word' id='word_1_108' title='bbox 321 889 480 929; x_wconf 80' lang='lat' dir='ltr'><strong>Tamen</strong></span> <span class='ocrx_word' id='word_1_109' title='bbox 516 887 610 927; x_wconf 79' lang='lat' dir='ltr'><strong>volo</strong></span> <span class='ocrx_word' id='word_1_110' title='bbox 642 885 754 939; x_wconf 89' lang='lat' dir='ltr'><strong>quod</strong></span> <span class='ocrx_word' id='word_1_111' title='bbox 781 883 963 924; x_wconf 87' lang='lat' dir='ltr'><strong>Thomas</strong></span> <span class='ocrx_word' id='word_1_112' title='bbox 999 883 1131 923; x_wconf 89' lang='lat' dir='ltr'><strong>frater</strong></span> <span class='ocrx_word' id='word_1_113' title='bbox 1160 896 1283 923; x_wconf 92' lang='lat' dir='ltr'><strong>meus</strong></span> <span class='ocrx_word' id='word_1_114' title='bbox 1319 882 1462 937; x_wconf 84' lang='lat' dir='ltr'><strong>elegat</strong></span> <span class='ocrx_word' id='word_1_115' title='bbox 1487 886 1636 921; x_wconf 88' lang='lat' dir='ltr'><strong>utrum</strong></span> <span class='ocrx_word' id='word_1_116' title='bbox 1659 882 1843 921; x_wconf 85' lang='lat' dir='ltr'><strong>voluerit</strong></span> 
     </span>
     <span class='ocr_line' id='line_1_22' title="bbox 320 945 1844 1001; baseline -0.005 -9"><span class='ocrx_word' id='word_1_117' title='bbox 320 951 476 992; x_wconf 88' lang='lat' dir='ltr'><strong>habere</strong></span> <span class='ocrx_word' id='word_1_118' title='bbox 526 952 824 990; x_wconf 85' lang='lat' dir='ltr'><strong>tenementum</strong></span> <span class='ocrx_word' id='word_1_119' title='bbox 874 961 972 988; x_wconf 94' lang='lat' dir='ltr'><strong>cum</strong></span> <span class='ocrx_word' id='word_1_120' title='bbox 1013 947 1291 1001; x_wconf 84' lang='lat' dir='ltr'><strong>pertinenciis</strong></span> <span class='ocrx_word' id='word_1_121' title='bbox 1331 947 1378 986; x_wconf 93' lang='lat' dir='ltr'><strong>in</strong></span> <span class='ocrx_word' id='word_1_122' title='bbox 1418 945 1647 999; x_wconf 89' lang='lat' dir='ltr'><strong>Mepehale</strong></span> <span class='ocrx_word' id='word_1_123' title='bbox 1687 945 1756 985; x_wconf 91' lang='lat' dir='ltr'><strong>vel</strong></span> <span class='ocrx_word' id='word_1_124' title='bbox 1795 945 1844 985; x_wconf 88' lang='lat' dir='ltr'><strong>in</strong></span> 
     </span>
     <span class='ocr_line' id='line_1_23' title="bbox 322 1008 1844 1067; baseline -0.005 -12"><span class='ocrx_word' id='word_1_125' title='bbox 322 1013 601 1055; x_wconf 53' lang='lat' dir='ltr'><strong>NVicheforth.</strong></span> <span class='ocrx_word' id='word_1_126' title='bbox 652 1014 767 1053; x_wconf 90' lang='lat' dir='ltr'><strong>Item</strong></span> <span class='ocrx_word' id='word_1_127' title='bbox 782 1012 880 1067; x_wconf 86' lang='lat' dir='ltr'><strong>lego</strong></span> <span class='ocrx_word' id='word_1_128' title='bbox 900 1011 941 1051; x_wconf 91' lang='lat' dir='ltr'>N</span> <span class='ocrx_word' id='word_1_129' title='bbox 944 1010 1108 1052; x_wconf 91' lang='lat' dir='ltr'><strong>icholao</strong></span> <span class='ocrx_word' id='word_1_130' title='bbox 1125 1011 1278 1051; x_wconf 90' lang='lat' dir='ltr'><strong>clerico</strong></span> <span class='ocrx_word' id='word_1_131' title='bbox 1298 1024 1394 1050; x_wconf 91' lang='lat' dir='ltr'><strong>meo</strong></span> <span class='ocrx_word' id='word_1_132' title='bbox 1407 1024 1549 1050; x_wconf 90' lang='lat' dir='ltr'><strong>meam</strong></span> <span class='ocrx_word' id='word_1_133' title='bbox 1568 1014 1716 1064; x_wconf 88' lang='lat' dir='ltr'><strong>togam</strong></span> <span class='ocrx_word' id='word_1_134' title='bbox 1730 1008 1844 1049; x_wconf 90' lang='lat' dir='ltr'><strong>blod’</strong></span> 
     </span>
     <span class='ocr_line' id='line_1_24' title="bbox 323 1073 1844 1134; baseline -0.004 -15"><span class='ocrx_word' id='word_1_135' title='bbox 323 1079 586 1134; x_wconf 86' lang='lat' dir='ltr'><strong>poenulatam</strong></span> <span class='ocrx_word' id='word_1_136' title='bbox 618 1091 717 1117; x_wconf 91' lang='lat' dir='ltr'><strong>cum</strong></span> <span class='ocrx_word' id='word_1_137' title='bbox 757 1076 981 1116; x_wconf 88' lang='lat' dir='ltr'><strong>cuniculis.</strong></span> <span class='ocrx_word' id='word_1_138' title='bbox 1043 1076 1159 1116; x_wconf 91' lang='lat' dir='ltr'><strong>Item</strong></span> <span class='ocrx_word' id='word_1_139' title='bbox 1194 1075 1292 1129; x_wconf 88' lang='lat' dir='ltr'><strong>lego</strong></span> <span class='ocrx_word' id='word_1_140' title='bbox 1332 1075 1361 1116; x_wconf 90' lang='lat' dir='ltr'><strong>J</strong></span> <span class='ocrx_word' id='word_1_141' title='bbox 1363 1073 1521 1115; x_wconf 91' lang='lat' dir='ltr'><strong>ohanni</strong></span> <span class='ocrx_word' id='word_1_142' title='bbox 1561 1087 1658 1114; x_wconf 91' lang='lat' dir='ltr'><strong>coco</strong></span> <span class='ocrx_word' id='word_1_143' title='bbox 1698 1076 1844 1113; x_wconf 90' lang='lat' dir='ltr'><strong>nostro</strong></span> 
     </span>
     <span class='ocr_line' id='line_1_25' title="bbox 323 1137 1844 1196; baseline -0.004 -13"><span class='ocrx_word' id='word_1_144' title='bbox 323 1143 569 1196; x_wconf 89' lang='lat' dir='ltr'><strong>duploidem</strong></span> <span class='ocrx_word' id='word_1_145' title='bbox 596 1141 649 1182; x_wconf 90' lang='lat' dir='ltr'><strong>de</strong></span> <span class='ocrx_word' id='word_1_146' title='bbox 669 1139 863 1191; x_wconf 71' lang='lat' dir='ltr'><strong>wirsted‚</strong></span> <span class='ocrx_word' id='word_1_147' title='bbox 884 1153 1021 1180; x_wconf 93' lang='lat' dir='ltr'><strong>unum</strong></span> <span class='ocrx_word' id='word_1_148' title='bbox 1042 1139 1272 1180; x_wconf 87' lang='lat' dir='ltr'><strong>collobium</strong></span> <span class='ocrx_word' id='word_1_149' title='bbox 1292 1139 1346 1179; x_wconf 89' lang='lat' dir='ltr'><strong>de</strong></span> <span class='ocrx_word' id='word_1_150' title='bbox 1367 1142 1549 1178; x_wconf 88' lang='lat' dir='ltr'><strong>russeto.</strong></span> <span class='ocrx_word' id='word_1_151' title='bbox 1610 1138 1727 1178; x_wconf 90' lang='lat' dir='ltr'><strong>Item</strong></span> <span class='ocrx_word' id='word_1_152' title='bbox 1746 1137 1844 1190; x_wconf 88' lang='lat' dir='ltr'><strong>lego</strong></span> 
     </span>
     <span class='ocr_line' id='line_1_26' title="bbox 323 1202 1846 1261; baseline -0.005 -14"><span class='ocrx_word' id='word_1_153' title='bbox 323 1207 538 1261; x_wconf 84' lang='lat' dir='ltr'><strong>capellano</strong></span> <span class='ocrx_word' id='word_1_154' title='bbox 558 1205 791 1246; x_wconf 84' lang='lat' dir='ltr'><strong>celebranti</strong></span> <span class='ocrx_word' id='word_1_155' title='bbox 811 1218 887 1258; x_wconf 89' lang='lat' dir='ltr'><strong>pro</strong></span> <span class='ocrx_word' id='word_1_156' title='bbox 918 1205 1060 1244; x_wconf 88' lang='lat' dir='ltr'><strong>anima</strong></span> <span class='ocrx_word' id='word_1_157' title='bbox 1090 1217 1188 1243; x_wconf 91' lang='lat' dir='ltr'><strong>mea</strong></span> <span class='ocrx_word' id='word_1_158' title='bbox 1219 1205 1263 1243; x_wconf 90' lang='lat' dir='ltr'><strong>et</strong></span> <span class='ocrx_word' id='word_1_159' title='bbox 1292 1202 1517 1243; x_wconf 85' lang='lat' dir='ltr'><strong>animabus</strong></span> <span class='ocrx_word' id='word_1_160' title='bbox 1548 1204 1778 1256; x_wconf 88' lang='lat' dir='ltr'><strong>parentum</strong></span> <span class='ocrx_word' id='word_1_161' title='bbox 1799 1203 1846 1240; x_wconf 89' lang='lat' dir='ltr'><strong>et</strong></span> 
     </span>
     <span class='ocr_line' id='line_1_27' title="bbox 324 1328 1845 1388; baseline -0.005 -14"><span class='ocrx_word' id='word_1_162' title='bbox 324 1334 681 1388; x_wconf 87' lang='lat' dir='ltr'><strong>superpellicium,</strong></span> <span class='ocrx_word' id='word_1_163' title='bbox 703 1336 749 1373; x_wconf 88' lang='lat' dir='ltr'><strong>et</strong></span> <span class='ocrx_word' id='word_1_164' title='bbox 769 1333 985 1383; x_wconf 83' lang='lat' dir='ltr'><strong>amisium,</strong></span> <span class='ocrx_word' id='word_1_165' title='bbox 1006 1333 1069 1372; x_wconf 90' lang='lat' dir='ltr'><strong>ita</strong></span> <span class='ocrx_word' id='word_1_166' title='bbox 1089 1335 1140 1371; x_wconf 91' lang='lat' dir='ltr'><strong>ut</strong></span> <span class='ocrx_word' id='word_1_167' title='bbox 1160 1332 1251 1384; x_wconf 90' lang='lat' dir='ltr'><strong>ipse</strong></span> <span class='ocrx_word' id='word_1_168' title='bbox 1274 1332 1330 1370; x_wconf 90' lang='lat' dir='ltr'><strong>sit</strong></span> <span class='ocrx_word' id='word_1_169' title='bbox 1351 1331 1404 1370; x_wconf 87' lang='lat' dir='ltr'><strong>ad</strong></span> <span class='ocrx_word' id='word_1_170' title='bbox 1419 1329 1542 1370; x_wconf 90' lang='lat' dir='ltr'><strong>horas</strong></span> <span class='ocrx_word' id='word_1_171' title='bbox 1557 1330 1778 1369; x_wconf 88' lang='lat' dir='ltr'><strong>canonicas</strong></span> <span class='ocrx_word' id='word_1_172' title='bbox 1798 1328 1845 1367; x_wconf 88' lang='lat' dir='ltr'><strong>in</strong></span> 
     </span>
     <span class='ocr_line' id='line_1_28' title="bbox 324 1393 1845 1447; baseline -0.003 -10"><span class='ocrx_word' id='word_1_173' title='bbox 324 1398 499 1438; x_wconf 83' lang='lat' dir='ltr'><strong>ecclesia</strong></span> <span class='ocrx_word' id='word_1_174' title='bbox 539 1397 688 1437; x_wconf 90' lang='lat' dir='ltr'><strong>diebus</strong></span> <span class='ocrx_word' id='word_1_175' title='bbox 728 1396 996 1437; x_wconf 84' lang='lat' dir='ltr'><strong>festivah&#39;bus</strong></span> <span class='ocrx_word' id='word_1_176' title='bbox 1036 1395 1282 1435; x_wconf 83' lang='lat' dir='ltr'><strong>auxiliando</strong></span> <span class='ocrx_word' id='word_1_177' title='bbox 1323 1397 1369 1434; x_wconf 91' lang='lat' dir='ltr'><strong>et</strong></span> <span class='ocrx_word' id='word_1_178' title='bbox 1410 1393 1697 1447; x_wconf 90' lang='lat' dir='ltr'><strong>supportando</strong></span> <span class='ocrx_word' id='word_1_179' title='bbox 1736 1404 1845 1432; x_wconf 85' lang='lat' dir='ltr'><strong>onus</strong></span> 
     </span>
     <span class='ocr_line' id='line_1_29' title="bbox 325 1458 1846 1512; baseline -0.004 -11"><span class='ocrx_word' id='word_1_180' title='bbox 325 1462 593 1511; x_wconf 82' lang='lat' dir='ltr'><strong>vicariorum,</strong></span> <span class='ocrx_word' id='word_1_181' title='bbox 622 1461 823 1501; x_wconf 85' lang='lat' dir='ltr'><strong>videlicet</strong></span> <span class='ocrx_word' id='word_1_182' title='bbox 853 1460 1063 1500; x_wconf 88' lang='lat' dir='ltr'><strong>cantando</strong></span> <span class='ocrx_word' id='word_1_183' title='bbox 1094 1462 1140 1499; x_wconf 89' lang='lat' dir='ltr'><strong>et</strong></span> <span class='ocrx_word' id='word_1_184' title='bbox 1178 1458 1526 1512; x_wconf 88' lang='lat' dir='ltr'><strong>psalmonizando</strong></span> <span class='ocrx_word' id='word_1_185' title='bbox 1565 1471 1642 1511; x_wconf 87' lang='lat' dir='ltr'><strong>per</strong></span> <span class='ocrx_word' id='word_1_186' title='bbox 1671 1460 1846 1509; x_wconf 82' lang='lat' dir='ltr'><strong>&#39;tempus</strong></span> 
     </span>
     <span class='ocr_line' id='line_1_30' title="bbox 324 1521 1847 1578; baseline -0.003 -13"><span class='ocrx_word' id='word_1_187' title='bbox 324 1526 589 1578; x_wconf 62' lang='lat' dir='ltr'><strong>praedictum,</strong></span> <span class='ocrx_word' id='word_1_188' title='bbox 609 1526 693 1565; x_wconf 91' lang='lat' dir='ltr'><strong>nisi</strong></span> <span class='ocrx_word' id='word_1_189' title='bbox 715 1526 770 1565; x_wconf 91' lang='lat' dir='ltr'><strong>sit</strong></span> <span class='ocrx_word' id='word_1_190' title='bbox 785 1538 910 1564; x_wconf 88' lang='lat' dir='ltr'><strong>causa</strong></span> <span class='ocrx_word' id='word_1_191' title='bbox 929 1524 1124 1578; x_wconf 90' lang='lat' dir='ltr'><strong>legitima</strong></span> <span class='ocrx_word' id='word_1_192' title='bbox 1143 1523 1394 1576; x_wconf 84' lang='lat' dir='ltr'><strong>impeditus.</strong></span> <span class='ocrx_word' id='word_1_193' title='bbox 1455 1522 1571 1562; x_wconf 89' lang='lat' dir='ltr'><strong>Item</strong></span> <span class='ocrx_word' id='word_1_194' title='bbox 1583 1521 1679 1575; x_wconf 90' lang='lat' dir='ltr'><strong>lego</strong></span> <span class='ocrx_word' id='word_1_195' title='bbox 1699 1533 1847 1560; x_wconf 91' lang='lat' dir='ltr'><strong>meum</strong></span> 
     </span>
     <span class='ocr_line' id='line_1_31' title="bbox 323 1584 1847 1641; baseline -0.003 -13"><span class='ocrx_word' id='word_1_196' title='bbox 323 1589 491 1628; x_wconf 79' lang='lat' dir='ltr'><strong>missale</strong></span> <span class='ocrx_word' id='word_1_197' title='bbox 513 1589 636 1628; x_wconf 78' lang='lat' dir='ltr'><strong>altari</strong></span> <span class='ocrx_word' id='word_1_198' title='bbox 658 1588 805 1629; x_wconf 86' lang='lat' dir='ltr'><strong>Sancti</strong></span> <span class='ocrx_word' id='word_1_199' title='bbox 825 1588 1018 1628; x_wconf 83' lang='lat' dir='ltr'><strong>Andreae.</strong></span> <span class='ocrx_word' id='word_1_200' title='bbox 1062 1589 1177 1628; x_wconf 90' lang='lat' dir='ltr'><strong>Item</strong></span> <span class='ocrx_word' id='word_1_201' title='bbox 1198 1587 1297 1641; x_wconf 87' lang='lat' dir='ltr'><strong>lego</strong></span> <span class='ocrx_word' id='word_1_202' title='bbox 1317 1587 1403 1626; x_wconf 92' lang='lat' dir='ltr'><strong>duo</strong></span> <span class='ocrx_word' id='word_1_203' title='bbox 1423 1586 1684 1626; x_wconf 88' lang='lat' dir='ltr'><strong>vestimenta</strong></span> <span class='ocrx_word' id='word_1_204' title='bbox 1705 1584 1847 1624; x_wconf 91' lang='lat' dir='ltr'><strong>eidem</strong></span> 
     </span>
     <span class='ocr_line' id='line_1_32' title="bbox 325 1648 1846 1703; baseline -0.003 -12"><span class='ocrx_word' id='word_1_205' title='bbox 325 1653 445 1692; x_wconf 82' lang='lat' dir='ltr'><strong>altari</strong></span> <span class='ocrx_word' id='word_1_206' title='bbox 486 1653 538 1692; x_wconf 83' lang='lat' dir='ltr'><strong>ad</strong></span> <span class='ocrx_word' id='word_1_207' title='bbox 580 1652 851 1693; x_wconf 86' lang='lat' dir='ltr'><strong>serviendum</strong></span> <span class='ocrx_word' id='word_1_208' title='bbox 891 1666 987 1692; x_wconf 93' lang='lat' dir='ltr'><strong>meo</strong></span> <span class='ocrx_word' id='word_1_209' title='bbox 1028 1651 1260 1692; x_wconf 89' lang='lat' dir='ltr'><strong>successori</strong></span> <span class='ocrx_word' id='word_1_210' title='bbox 1302 1654 1348 1691; x_wconf 94' lang='lat' dir='ltr'><strong>et</strong></span> <span class='ocrx_word' id='word_1_211' title='bbox 1379 1649 1596 1703; x_wconf 85' lang='lat' dir='ltr'><strong>capellano</strong></span> <span class='ocrx_word' id='word_1_212' title='bbox 1631 1648 1846 1688; x_wconf 89' lang='lat' dir='ltr'><strong>cantariae.</strong></span> 
     </span>
     <span class='ocr_line' id='line_1_33' title="bbox 325 1713 1847 1770; baseline -0.003 -15"><span class='ocrx_word' id='word_1_213' title='bbox 325 1717 436 1756; x_wconf 79' lang='lat' dir='ltr'><strong>Item</strong></span> <span class='ocrx_word' id='word_1_214' title='bbox 451 1716 546 1770; x_wconf 87' lang='lat' dir='ltr'><strong>lego</strong></span> <span class='ocrx_word' id='word_1_215' title='bbox 567 1716 654 1756; x_wconf 89' lang='lat' dir='ltr'><strong>filio</strong></span> <span class='ocrx_word' id='word_1_216' title='bbox 675 1717 853 1757; x_wconf 84' lang='lat' dir='ltr'><strong>Roberti</strong></span> <span class='ocrx_word' id='word_1_217' title='bbox 869 1715 1102 1770; x_wconf 84' lang='lat' dir='ltr'><strong>Chapman’</strong></span> <span class='ocrx_word' id='word_1_218' title='bbox 1114 1716 1167 1756; x_wconf 91' lang='lat' dir='ltr'><strong>de</strong></span> <span class='ocrx_word' id='word_1_219' title='bbox 1181 1713 1308 1755; x_wconf 88' lang='lat' dir='ltr'><strong>Ebor&#39;</strong></span> <span class='ocrx_word' id='word_1_220' title='bbox 1320 1727 1451 1754; x_wconf 87' lang='lat' dir='ltr'><strong>unam</strong></span> <span class='ocrx_word' id='word_1_221' title='bbox 1471 1717 1618 1768; x_wconf 89' lang='lat' dir='ltr'><strong>togam</strong></span> <span class='ocrx_word' id='word_1_222' title='bbox 1633 1715 1847 1752; x_wconf 87' lang='lat' dir='ltr'><strong>russetam</strong></span> 
     </span>
     <span class='ocr_line' id='line_1_34' title="bbox 324 1774 1848 1835; baseline -0.003 -16"><span class='ocrx_word' id='word_1_223' title='bbox 324 1781 585 1833; x_wconf 81' lang='lat' dir='ltr'><strong>poenulatam</strong></span> <span class='ocrx_word' id='word_1_224' title='bbox 606 1794 703 1820; x_wconf 91' lang='lat' dir='ltr'><strong>cum</strong></span> <span class='ocrx_word' id='word_1_225' title='bbox 723 1781 905 1835; x_wconf 83' lang='lat' dir='ltr'><strong>agnellis</strong></span> <span class='ocrx_word' id='word_1_226' title='bbox 925 1780 1075 1834; x_wconf 90' lang='lat' dir='ltr'><strong>nigris.</strong></span> <span class='ocrx_word' id='word_1_227' title='bbox 1136 1778 1281 1834; x_wconf 89' lang='lat' dir='ltr'><strong>Hujus</strong></span> <span class='ocrx_word' id='word_1_228' title='bbox 1311 1781 1458 1819; x_wconf 85' lang='lat' dir='ltr'><strong>autem</strong></span> <span class='ocrx_word' id='word_1_229' title='bbox 1488 1776 1739 1817; x_wconf 89' lang='lat' dir='ltr'><strong>testamenti</strong></span> <span class='ocrx_word' id='word_1_230' title='bbox 1759 1774 1848 1816; x_wconf 86' lang='lat' dir='ltr'><strong>mei</strong></span> 
     </span>
     <span class='ocr_line' id='line_1_35' title="bbox 325 1839 1848 1895; baseline -0.003 -12"><span class='ocrx_word' id='word_1_231' title='bbox 325 1843 430 1883; x_wconf 85' lang='lat' dir='ltr'><strong>facio</strong></span> <span class='ocrx_word' id='word_1_232' title='bbox 462 1849 507 1884; x_wconf 86' lang='lat' dir='ltr'><strong>et</strong></span> <span class='ocrx_word' id='word_1_233' title='bbox 527 1846 740 1884; x_wconf 89' lang='lat' dir='ltr'><strong>constituo</strong></span> <span class='ocrx_word' id='word_1_234' title='bbox 771 1848 1017 1885; x_wconf 85' lang='lat' dir='ltr'><strong>executores</strong></span> <span class='ocrx_word' id='word_1_235' title='bbox 1048 1857 1165 1884; x_wconf 91' lang='lat' dir='ltr'><strong>meos</strong></span> <span class='ocrx_word' id='word_1_236' title='bbox 1195 1842 1439 1884; x_wconf 73' lang='lat' dir='ltr'><strong>,Iohannem</strong></span> <span class='ocrx_word' id='word_1_237' title='bbox 1459 1840 1678 1895; x_wconf 83' lang='lat' dir='ltr'><strong>Westwyk</strong></span> <span class='ocrx_word' id='word_1_238' title='bbox 1708 1839 1848 1893; x_wconf 89' lang='lat' dir='ltr'><strong>capel-</strong></span> 
     </span>
     <span class='ocr_line' id='line_1_36' title="bbox 326 1904 1849 1961; baseline -0.002 -16"><span class='ocrx_word' id='word_1_239' title='bbox 326 1907 470 1947; x_wconf 79' lang='lat' dir='ltr'><strong>lanum</strong></span> <span class='ocrx_word' id='word_1_240' title='bbox 493 1912 535 1947; x_wconf 90' lang='lat' dir='ltr'><strong>et</strong></span> <span class='ocrx_word' id='word_1_241' title='bbox 558 1908 802 1948; x_wconf 82' lang='lat' dir='ltr'><strong>Marioriam</strong></span> <span class='ocrx_word' id='word_1_242' title='bbox 824 1922 1009 1948; x_wconf 88' lang='lat' dir='ltr'><strong>sororem</strong></span> <span class='ocrx_word' id='word_1_243' title='bbox 1030 1921 1185 1958; x_wconf 85' lang='lat' dir='ltr'><strong>meam,</strong></span> <span class='ocrx_word' id='word_1_244' title='bbox 1205 1911 1258 1947; x_wconf 90' lang='lat' dir='ltr'><strong>ut</strong></span> <span class='ocrx_word' id='word_1_245' title='bbox 1277 1907 1360 1961; x_wconf 89' lang='lat' dir='ltr'><strong>ipsi</strong></span> <span class='ocrx_word' id='word_1_246' title='bbox 1372 1906 1602 1959; x_wconf 85' lang='lat' dir='ltr'><strong>disponant</strong></span> <span class='ocrx_word' id='word_1_247' title='bbox 1614 1918 1689 1958; x_wconf 89' lang='lat' dir='ltr'><strong>pro</strong></span> <span class='ocrx_word' id='word_1_248' title='bbox 1705 1904 1849 1943; x_wconf 86' lang='lat' dir='ltr'><strong>anima</strong></span> 
     </span>
     <span class='ocr_line' id='line_1_37' title="bbox 327 1966 1849 2025; baseline -0.002 -16"><span class='ocrx_word' id='word_1_249' title='bbox 327 1984 421 2010; x_wconf 84' lang='lat' dir='ltr'><strong>mea</strong></span> <span class='ocrx_word' id='word_1_250' title='bbox 444 1985 516 2011; x_wconf 89' lang='lat' dir='ltr'><strong>suo</strong></span> <span class='ocrx_word' id='word_1_251' title='bbox 538 1972 661 2012; x_wconf 89' lang='lat' dir='ltr'><strong>modo</strong></span> <span class='ocrx_word' id='word_1_252' title='bbox 681 1972 862 2022; x_wconf 84' lang='lat' dir='ltr'><strong>meliori,</strong></span> <span class='ocrx_word' id='word_1_253' title='bbox 884 1986 982 2012; x_wconf 91' lang='lat' dir='ltr'><strong>cum</strong></span> <span class='ocrx_word' id='word_1_254' title='bbox 1015 1971 1305 2025; x_wconf 89' lang='lat' dir='ltr'><strong>supervisione</strong></span> <span class='ocrx_word' id='word_1_255' title='bbox 1337 1973 1383 2010; x_wconf 85' lang='lat' dir='ltr'><strong>et</strong></span> <span class='ocrx_word' id='word_1_256' title='bbox 1412 1970 1572 2010; x_wconf 81' lang='lat' dir='ltr'><strong>auxilio</strong></span> <span class='ocrx_word' id='word_1_257' title='bbox 1602 1982 1649 2008; x_wconf 87' lang='lat' dir='ltr'><strong>ac</strong></span> <span class='ocrx_word' id='word_1_258' title='bbox 1670 1966 1849 2008; x_wconf 90' lang='lat' dir='ltr'><strong>consilio</strong></span> 
     </span>
     <span class='ocr_line' id='line_1_38' title="bbox 327 2033 1849 2089; baseline -0.001 -17"><span class='ocrx_word' id='word_1_259' title='bbox 327 2038 367 2073; x_wconf 82' lang='lat' dir='ltr'><strong>et</strong></span> <span class='ocrx_word' id='word_1_260' title='bbox 413 2036 733 2088; x_wconf 82' lang='lat' dir='ltr'><strong>supportacione</strong></span> <span class='ocrx_word' id='word_1_261' title='bbox 774 2035 985 2076; x_wconf 87' lang='lat' dir='ltr'><strong>Johannis</strong></span> <span class='ocrx_word' id='word_1_262' title='bbox 1025 2036 1154 2089; x_wconf 91' lang='lat' dir='ltr'><strong>Pigot</strong></span> <span class='ocrx_word' id='word_1_263' title='bbox 1194 2034 1409 2089; x_wconf 88' lang='lat' dir='ltr'><strong>armigeri.</strong></span> <span class='ocrx_word' id='word_1_264' title='bbox 1469 2033 1709 2073; x_wconf 89' lang='lat' dir='ltr'><strong>Residuum</strong></span> <span class='ocrx_word' id='word_1_265' title='bbox 1748 2043 1849 2071; x_wconf 88' lang='lat' dir='ltr'><strong>vero</strong></span> 
     </span>
     <span class='ocr_line' id='line_1_39' title="bbox 328 2094 1849 2152; baseline -0.001 -17"><span class='ocrx_word' id='word_1_266' title='bbox 328 2099 517 2137; x_wconf 85' lang='lat' dir='ltr'><strong>omnium</strong></span> <span class='ocrx_word' id='word_1_267' title='bbox 540 2098 746 2138; x_wconf 84' lang='lat' dir='ltr'><strong>bonorum</strong></span> <span class='ocrx_word' id='word_1_268' title='bbox 767 2113 961 2139; x_wconf 89' lang='lat' dir='ltr'><strong>meorum</strong></span> <span class='ocrx_word' id='word_1_269' title='bbox 983 2100 1178 2152; x_wconf 89' lang='lat' dir='ltr'><strong>superius</strong></span> <span class='ocrx_word' id='word_1_270' title='bbox 1199 2112 1284 2138; x_wconf 90' lang='lat' dir='ltr'><strong>non</strong></span> <span class='ocrx_word' id='word_1_271' title='bbox 1301 2099 1555 2152; x_wconf 88' lang='lat' dir='ltr'><strong>legatorum,</strong></span> <span class='ocrx_word' id='word_1_272' title='bbox 1569 2096 1728 2137; x_wconf 91' lang='lat' dir='ltr'><strong>debitis</strong></span> <span class='ocrx_word' id='word_1_273' title='bbox 1740 2094 1849 2134; x_wconf 86' lang='lat' dir='ltr'><strong>meis</strong></span> 
     </span>
     <span class='ocr_line' id='line_1_40' title="bbox 329 2158 1849 2216; baseline -0.001 -18"><span class='ocrx_word' id='word_1_274' title='bbox 329 2166 369 2199; x_wconf 84' lang='lat' dir='ltr'><strong>et</strong></span> <span class='ocrx_word' id='word_1_275' title='bbox 395 2162 586 2213; x_wconf 73' lang='lat' dir='ltr'><strong>expensis</strong></span> <span class='ocrx_word' id='word_1_276' title='bbox 609 2162 873 2203; x_wconf 85' lang='lat' dir='ltr'><strong>funeralibus</strong></span> <span class='ocrx_word' id='word_1_277' title='bbox 896 2163 1098 2216; x_wconf 88' lang='lat' dir='ltr'><strong>primitus</strong></span> <span class='ocrx_word' id='word_1_278' title='bbox 1119 2162 1361 2215; x_wconf 88' lang='lat' dir='ltr'><strong>persolutis,</strong></span> <span class='ocrx_word' id='word_1_279' title='bbox 1382 2162 1436 2202; x_wconf 90' lang='lat' dir='ltr'><strong>do</strong></span> <span class='ocrx_word' id='word_1_280' title='bbox 1456 2164 1502 2201; x_wconf 89' lang='lat' dir='ltr'><strong>et</strong></span> <span class='ocrx_word' id='word_1_281' title='bbox 1521 2160 1617 2215; x_wconf 86' lang='lat' dir='ltr'><strong>lego</strong></span> <span class='ocrx_word' id='word_1_282' title='bbox 1636 2158 1849 2200; x_wconf 86' lang='lat' dir='ltr'><strong>Marioriae</strong></span> 
     </span>
     <span class='ocr_line' id='line_1_41' title="bbox 329 2222 1850 2278; baseline -0.001 -17"><span class='ocrx_word' id='word_1_283' title='bbox 329 2225 455 2262; x_wconf 82' lang='lat' dir='ltr'><strong>sorori</strong></span> <span class='ocrx_word' id='word_1_284' title='bbox 478 2238 582 2263; x_wconf 70' lang='lat' dir='ltr'><strong>meze</strong></span> <span class='ocrx_word' id='word_1_285' title='bbox 602 2226 826 2278; x_wconf 84' lang='lat' dir='ltr'><strong>praedictae.</strong></span> <span class='ocrx_word' id='word_1_286' title='bbox 888 2227 985 2265; x_wconf 91' lang='lat' dir='ltr'><strong>Hiis</strong></span> <span class='ocrx_word' id='word_1_287' title='bbox 1004 2226 1206 2276; x_wconf 86' lang='lat' dir='ltr'><strong>testibus,</strong></span> <span class='ocrx_word' id='word_1_288' title='bbox 1226 2225 1446 2265; x_wconf 59' lang='lat' dir='ltr'><strong>WVillelmo</strong></span> <span class='ocrx_word' id='word_1_289' title='bbox 1464 2223 1659 2273; x_wconf 85' lang='lat' dir='ltr'><strong>Tanfeld,</strong></span> <span class='ocrx_word' id='word_1_290' title='bbox 1676 2222 1850 2262; x_wconf 78' lang='lat' dir='ltr'><strong>domino</strong></span> 
     </span>
     <span class='ocr_line' id='line_1_42' title="bbox 331 2285 1850 2343; baseline -0.002 -17"><span class='ocrx_word' id='word_1_291' title='bbox 331 2287 515 2326; x_wconf 73' lang='lat' dir='ltr'><strong>Roborto</strong></span> <span class='ocrx_word' id='word_1_292' title='bbox 546 2289 767 2342; x_wconf 81' lang='lat' dir='ltr'><strong>Aberwyk,</strong></span> <span class='ocrx_word' id='word_1_293' title='bbox 797 2290 969 2329; x_wconf 85' lang='lat' dir='ltr'><strong>domino</strong></span> <span class='ocrx_word' id='word_1_294' title='bbox 999 2289 1186 2329; x_wconf 86' lang='lat' dir='ltr'><strong>Roberto</strong></span> <span class='ocrx_word' id='word_1_295' title='bbox 1216 2289 1468 2342; x_wconf 86' lang='lat' dir='ltr'><strong>Brompton‚</strong></span> <span class='ocrx_word' id='word_1_296' title='bbox 1488 2286 1645 2343; x_wconf 63' lang='lat'>(51022)</span> <span class='ocrx_word' id='word_1_297' title='bbox 1675 2285 1850 2326; x_wconf 91' lang='lat' dir='ltr'><strong>domino</strong></span> 
     </span>
     <span class='ocr_line' id='line_1_43' title="bbox 330 2348 1848 2402; baseline -0.001 -14"><span class='ocrx_word' id='word_1_298' title='bbox 330 2349 488 2389; x_wconf 76' lang='lat' dir='ltr'><strong>&#39;rhoma</strong></span> <span class='ocrx_word' id='word_1_299' title='bbox 522 2352 710 2401; x_wconf 65' lang='lat' dir='ltr'><strong>Skelton,</strong></span> <span class='ocrx_word' id='word_1_300' title='bbox 732 2357 777 2392; x_wconf 87' lang='lat' dir='ltr'><strong>et</strong></span> <span class='ocrx_word' id='word_1_301' title='bbox 808 2353 994 2393; x_wconf 86' lang='lat' dir='ltr'><strong>Roberto</strong></span> <span class='ocrx_word' id='word_1_302' title='bbox 1013 2352 1311 2402; x_wconf 75' lang='lat' dir='ltr'><strong>Wallerthate‚</strong></span> <span class='ocrx_word' id='word_1_303' title='bbox 1335 2355 1379 2392; x_wconf 90' lang='lat' dir='ltr'><strong>et</strong></span> <span class='ocrx_word' id='word_1_304' title='bbox 1408 2351 1504 2391; x_wconf 86' lang='lat' dir='ltr'><strong>aliis</strong></span> <span class='ocrx_word' id='word_1_305' title='bbox 1524 2349 1688 2391; x_wconf 87' lang='lat' dir='ltr'><strong>multis.</strong></span> <span class='ocrx_word' id='word_1_306' title='bbox 1748 2348 1848 2388; x_wconf 73' lang='lat' dir='ltr'><strong>Dat.</strong></span> 
     </span>
     <span class='ocr_line' id='line_1_44' title="bbox 331 2411 1849 2469; baseline 0 -19"><span class='ocrx_word' id='word_1_307' title='bbox 331 2414 440 2464; x_wconf 77' lang='lat' dir='ltr'><strong>apml</strong></span> <span class='ocrx_word' id='word_1_308' title='bbox 461 2414 623 2466; x_wconf 80' lang='lat' dir='ltr'><strong>Ripon&#39;,</strong></span> <span class='ocrx_word' id='word_1_309' title='bbox 637 2417 706 2454; x_wconf 85' lang='lat' dir='ltr'><strong>die</strong></span> <span class='ocrx_word' id='word_1_310' title='bbox 721 2419 763 2455; x_wconf 84' lang='lat' dir='ltr'><strong>et</strong></span> <span class='ocrx_word' id='word_1_311' title='bbox 776 2429 887 2456; x_wconf 83' lang='lat' dir='ltr'><strong>anno</strong></span> <span class='ocrx_word' id='word_1_312' title='bbox 904 2417 1177 2469; x_wconf 81' lang='lat' dir='ltr'><strong>supradictis3</strong></span> <span class='ocrx_word' id='word_1_313' title='bbox 1200 2416 1288 2469; x_wconf 82' lang='lat' dir='ltr'><strong>xxj⁰</strong></span> <span class='ocrx_word' id='word_1_314' title='bbox 1309 2416 1379 2455; x_wconf 91' lang='lat' dir='ltr'><strong>die</strong></span> <span class='ocrx_word' id='word_1_315' title='bbox 1396 2415 1518 2465; x_wconf 81' lang='lat' dir='ltr'><strong>Maii,</strong></span> <span class='ocrx_word' id='word_1_316' title='bbox 1534 2415 1658 2454; x_wconf 90' lang='lat' dir='ltr'><strong>Anno</strong></span> <span class='ocrx_word' id='word_1_317' title='bbox 1674 2411 1849 2452; x_wconf 87' lang='lat' dir='ltr'><strong>Domini</strong></span> 
     </span>
     <span class='ocr_line' id='line_1_45' title="bbox 334 2476 1850 2533; baseline 0 -19"><span class='ocrx_word' id='word_1_318' title='bbox 334 2476 397 2514; x_wconf 68' lang='grc' dir='ltr'><strong>ΜΟ</strong></span> <span class='ocrx_word' id='word_1_319' title='bbox 428 2478 564 2516; x_wconf 65' lang='lat' dir='ltr'><strong>cccc-¹¹¹⁰</strong></span> <span class='ocrx_word' id='word_1_320' title='bbox 595 2479 740 2531; x_wconf 77' lang='lat' dir='ltr'><strong>xxvij0,</strong></span> <span class='ocrx_word' id='word_1_321' title='bbox 771 2480 996 2531; x_wconf 80' lang='lat' dir='ltr'><strong>probatum</strong></span> <span class='ocrx_word' id='word_1_322' title='bbox 1017 2479 1101 2519; x_wconf 88' lang='lat' dir='ltr'><strong>fuit</strong></span> <span class='ocrx_word' id='word_1_323' title='bbox 1132 2480 1426 2533; x_wconf 64' lang='lat' dir='ltr'><strong>praescriptum</strong></span> <span class='ocrx_word' id='word_1_324' title='bbox 1456 2480 1784 2526; x_wconf 87' lang='lat' dir='ltr'><strong>testamentum,</strong></span> <span class='ocrx_word' id='word_1_325' title='bbox 1805 2478 1850 2514; x_wconf 89' lang='lat' dir='ltr'><strong>et</strong></span> 
     </span>
     <span class='ocr_line' id='line_1_46' title="bbox 332 2541 1850 2583; baseline 0.001 -6"><span class='ocrx_word' id='word_1_326' title='bbox 332 2541 550 2579; x_wconf 56' lang='lat' dir='ltr'><strong>‹mininis-sa</strong></span> <span class='ocrx_word' id='word_1_327' title='bbox 599 2542 914 2582; x_wconf 79' lang='lat' dir='ltr'><strong>administracio</strong></span> <span class='ocrx_word' id='word_1_328' title='bbox 964 2544 1260 2583; x_wconf 81' lang='lat' dir='ltr'><strong>executoribus</strong></span> <span class='ocrx_word' id='word_1_329' title='bbox 1310 2544 1356 2583; x_wconf 88' lang='lat' dir='ltr'><strong>in</strong></span> <span class='ocrx_word' id='word_1_330' title='bbox 1398 2542 1547 2582; x_wconf 84' lang='lat' dir='ltr'><strong>eodem</strong></span> <span class='ocrx_word' id='word_1_331' title='bbox 1587 2541 1850 2582; x_wconf 86' lang='lat' dir='ltr'><strong>testamento</strong></span> 
     </span>
     <span class='ocr_line' id='line_1_47' title="bbox 334 2603 1108 2659; baseline 0.008 -19"><span class='ocrx_word' id='word_1_332' title='bbox 334 2603 575 2652; x_wconf 69' lang='lat' dir='ltr'><strong>nominatis,</strong></span> <span class='ocrx_word' id='word_1_333' title='bbox 599 2605 641 2643; x_wconf 87' lang='lat' dir='ltr'><strong>in</strong></span> <span class='ocrx_word' id='word_1_334' title='bbox 664 2604 796 2644; x_wconf 83' lang='lat' dir='ltr'><strong>forma</strong></span> <span class='ocrx_word' id='word_1_335' title='bbox 812 2605 921 2659; x_wconf 85' lang='lat' dir='ltr'><strong>juris</strong></span> <span class='ocrx_word' id='word_1_336' title='bbox 936 2606 1108 2659; x_wconf 84' lang='lat' dir='ltr'><strong>juratis.</strong></span> 
     </span>
    </p>
   </div>
   <div class='ocr_carea' id='block_1_8' title="bbox 336 2675 1852 2973">
    <p class='ocr_par' dir='ltr' id='par_1_8' title="bbox 406 2675 729 2716">
     <span class='ocr_line' id='line_1_48' title="bbox 406 2675 729 2716; baseline 0.015 -10"><span class='ocrx_word' id='word_1_337' title='bbox 406 2675 461 2716; x_wconf 88' lang='grc'><strong>(1)</strong></span> <span class='ocrx_word' id='word_1_338' title='bbox 487 2676 534 2709; x_wconf 77' lang='lat' dir='ltr'><strong>Or</strong></span> <span class='ocrx_word' id='word_1_339' title='bbox 551 2677 697 2711; x_wconf 67' lang='lat' dir='ltr'><strong>Skwuet</strong></span> <span class='ocrx_word' id='word_1_340' title='bbox 713 2677 729 2711; x_wconf 74' lang='grc' dir='ltr'>Ρ</span> 
     </span>
    </p>

    <p class='ocr_par' dir='ltr' id='par_1_9' title="bbox 336 2726 1852 2973">
     <span class='ocr_line' id='line_1_49' title="bbox 407 2726 1840 2776; baseline 0.001 -17"><span class='ocrx_word' id='word_1_341' title='bbox 407 2729 461 2769; x_wconf 75' lang='grc'><strong>(2)</strong></span> <span class='ocrx_word' id='word_1_342' title='bbox 488 2728 562 2761; x_wconf 73' lang='lat' dir='ltr'><strong>&#39;she</strong></span> <span class='ocrx_word' id='word_1_343' title='bbox 581 2730 743 2771; x_wconf 66' lang='lat' dir='ltr'><strong>meaning</strong></span> <span class='ocrx_word' id='word_1_344' title='bbox 769 2741 879 2764; x_wconf 75' lang='lat' dir='ltr'><strong>seems</strong></span> <span class='ocrx_word' id='word_1_345' title='bbox 907 2734 945 2764; x_wconf 87' lang='lat' dir='ltr'><strong>to</strong></span> <span class='ocrx_word' id='word_1_346' title='bbox 972 2730 1026 2769; x_wconf 78' lang='lat' dir='ltr'><strong>be.</strong></span> <span class='ocrx_word' id='word_1_347' title='bbox 1047 2730 1149 2764; x_wconf 77' lang='lat' dir='ltr'><strong>‘half</strong></span> <span class='ocrx_word' id='word_1_348' title='bbox 1162 2730 1235 2765; x_wconf 78' lang='lat' dir='ltr'><strong>osa</strong></span> <span class='ocrx_word' id='word_1_349' title='bbox 1253 2731 1363 2765; x_wconf 88' lang='lat' dir='ltr'><strong>dozen</strong></span> <span class='ocrx_word' id='word_1_350' title='bbox 1391 2735 1445 2765; x_wconf 86' lang='lat' dir='ltr'><strong>set</strong></span> <span class='ocrx_word' id='word_1_351' title='bbox 1473 2729 1514 2764; x_wconf 88' lang='lat' dir='ltr'><strong>of</strong></span> <span class='ocrx_word' id='word_1_352' title='bbox 1537 2734 1672 2776; x_wconf 83' lang='lat' dir='ltr'><strong>pewter</strong></span> <span class='ocrx_word' id='word_1_353' title='bbox 1701 2726 1840 2762; x_wconf 85' lang='lat' dir='ltr'><strong>vessels.</strong></span> 
     </span>
     <span class='ocr_line' id='line_1_50' title="bbox 336 2778 1852 2827; baseline 0 -16"><span class='ocrx_word' id='word_1_354' title='bbox 336 2778 404 2811; x_wconf 71' lang='lat' dir='ltr'><strong>For</strong></span> <span class='ocrx_word' id='word_1_355' title='bbox 422 2782 429 2796; x_wconf 79' lang='lat'><strong>⁴</strong></span> <span class='ocrx_word' id='word_1_356' title='bbox 443 2779 585 2821; x_wconf 63' lang='lat' dir='ltr'><strong>garnish</strong></span> <span class='ocrx_word' id='word_1_357' title='bbox 599 2780 606 2794; x_wconf 93' lang='lat'>&#39;</span> <span class='ocrx_word' id='word_1_358' title='bbox 624 2792 680 2814; x_wconf 80' lang='lat' dir='ltr'><strong>soe</strong></span> <span class='ocrx_word' id='word_1_359' title='bbox 705 2782 852 2825; x_wconf 72' lang='lat' dir='ltr'><strong>Chapter</strong></span> <span class='ocrx_word' id='word_1_360' title='bbox 869 2783 965 2825; x_wconf 64' lang='lat' dir='ltr'><strong>Acts,</strong></span> <span class='ocrx_word' id='word_1_361' title='bbox 985 2783 1062 2825; x_wconf 71' lang='lat'><strong>170,</strong></span> <span class='ocrx_word' id='word_1_362' title='bbox 1081 2784 1160 2816; x_wconf 55' lang='lat'><strong>384.</strong></span> <span class='ocrx_word' id='word_1_363' title='bbox 1188 2785 1196 2801; x_wconf 85' lang='lat'>‘</span> <span class='ocrx_word' id='word_1_364' title='bbox 1209 2783 1284 2816; x_wconf 87' lang='lat' dir='ltr'><strong>The</strong></span> <span class='ocrx_word' id='word_1_365' title='bbox 1301 2794 1380 2816; x_wconf 86' lang='lat' dir='ltr'><strong>new</strong></span> <span class='ocrx_word' id='word_1_366' title='bbox 1394 2782 1474 2816; x_wconf 83' lang='lat' dir='ltr'><strong>half</strong></span> <span class='ocrx_word' id='word_1_367' title='bbox 1488 2781 1644 2827; x_wconf 70' lang='lat' dir='ltr'><strong>garnysh</strong></span> <span class='ocrx_word' id='word_1_368' title='bbox 1657 2780 1696 2814; x_wconf 84' lang='lat' dir='ltr'><strong>of</strong></span> <span class='ocrx_word' id='word_1_369' title='bbox 1710 2780 1852 2813; x_wconf 87' lang='lat' dir='ltr'><strong>Pewter</strong></span> 
     </span>
     <span class='ocr_line' id='line_1_51' title="bbox 336 2829 1848 2879; baseline 0.002 -18"><span class='ocrx_word' id='word_1_370' title='bbox 336 2829 492 2863; x_wconf 54' lang='lat' dir='ltr'><strong>vem-11·</strong></span> <span class='ocrx_word' id='word_1_371' title='bbox 517 2842 637 2865; x_wconf 82' lang='lat' dir='ltr'><strong>occurs</strong></span> <span class='ocrx_word' id='word_1_372' title='bbox 667 2832 700 2865; x_wconf 88' lang='lat' dir='ltr'><strong>in</strong></span> <span class='ocrx_word' id='word_1_373' title='bbox 732 2844 775 2865; x_wconf 78' lang='lat' dir='ltr'><strong>an</strong></span> <span class='ocrx_word' id='word_1_374' title='bbox 794 2833 928 2867; x_wconf 44' lang='lat' dir='ltr'><strong>Exi—ter</strong></span> <span class='ocrx_word' id='word_1_375' title='bbox 953 2834 1025 2867; x_wconf 82' lang='lat' dir='ltr'><strong>will</strong></span> <span class='ocrx_word' id='word_1_376' title='bbox 1045 2835 1084 2867; x_wconf 73' lang='lat' dir='ltr'><strong>of</strong></span> <span class='ocrx_word' id='word_1_377' title='bbox 1113 2835 1214 2870; x_wconf 75' lang='lat'>1548.</span> <span class='ocrx_word' id='word_1_378' title='bbox 1267 2835 1387 2879; x_wconf 86' lang='lat' dir='ltr'><strong>(Proc.</strong></span> <span class='ocrx_word' id='word_1_379' title='bbox 1407 2835 1519 2868; x_wconf 82' lang='lat' dir='ltr'><strong>Arch.</strong></span> <span class='ocrx_word' id='word_1_380' title='bbox 1538 2834 1626 2867; x_wconf 86' lang='lat' dir='ltr'><strong>Inst.</strong></span> <span class='ocrx_word' id='word_1_381' title='bbox 1644 2844 1729 2866; x_wconf 78' lang='lat' dir='ltr'><strong>xxx,</strong></span> <span class='ocrx_word' id='word_1_382' title='bbox 1748 2831 1848 2874; x_wconf 84' lang='lat'>367.)</span> 
     </span>
     <span class='ocr_line' id='line_1_52' title="bbox 339 2881 1848 2930; baseline 0.001 -17"><span class='ocrx_word' id='word_1_383' title='bbox 339 2881 369 2913; x_wconf 70' lang='lat' dir='ltr'>A</span> <span class='ocrx_word' id='word_1_384' title='bbox 399 2882 577 2925; x_wconf 70' lang='lat' dir='ltr'><strong>‘garnish‘</strong></span> <span class='ocrx_word' id='word_1_385' title='bbox 602 2884 780 2928; x_wconf 62' lang='lat' dir='ltr'><strong>generally</strong></span> <span class='ocrx_word' id='word_1_386' title='bbox 807 2885 981 2918; x_wconf 70' lang='lat' dir='ltr'><strong>consisted</strong></span> <span class='ocrx_word' id='word_1_387' title='bbox 1012 2886 1052 2919; x_wconf 85' lang='lat' dir='ltr'><strong>os</strong></span> <span class='ocrx_word' id='word_1_388' title='bbox 1073 2886 1203 2920; x_wconf 75' lang='lat' dir='ltr'><strong>twelve</strong></span> <span class='ocrx_word' id='word_1_389' title='bbox 1230 2887 1456 2930; x_wconf 77' lang='lat' dir='ltr'><strong>(Halliwell).</strong></span> <span class='ocrx_word' id='word_1_390' title='bbox 1507 2881 1848 2920; x_wconf 72' lang='lat' dir='ltr'><strong>‘Garniamentum‘</strong></span> 
     </span>
     <span class='ocr_line' id='line_1_53' title="bbox 338 2932 1659 2973; baseline 0.006 -11"><span class='ocrx_word' id='word_1_391' title='bbox 338 2943 445 2965; x_wconf 58' lang='lat' dir='ltr'><strong>&gt;rems</strong></span> <span class='ocrx_word' id='word_1_392' title='bbox 463 2939 498 2966; x_wconf 73' lang='lat' dir='ltr'><strong>to</strong></span> <span class='ocrx_word' id='word_1_393' title='bbox 515 2932 557 2966; x_wconf 80' lang='lat' dir='ltr'><strong>be</strong></span> <span class='ocrx_word' id='word_1_394' title='bbox 576 2935 657 2968; x_wconf 61' lang='lat' dir='ltr'><strong>used</strong></span> <span class='ocrx_word' id='word_1_395' title='bbox 676 2935 715 2968; x_wconf 84' lang='lat' dir='ltr'><strong>of</strong></span> <span class='ocrx_word' id='word_1_396' title='bbox 728 2947 748 2968; x_wconf 83' lang='lat' dir='ltr'><strong>a</strong></span> <span class='ocrx_word' id='word_1_397' title='bbox 766 2940 818 2970; x_wconf 82' lang='lat' dir='ltr'><strong>set</strong></span> <span class='ocrx_word' id='word_1_398' title='bbox 836 2937 875 2969; x_wconf 87' lang='lat' dir='ltr'><strong>os</strong></span> <span class='ocrx_word' id='word_1_399' title='bbox 888 2941 1080 2970; x_wconf 72' lang='lat' dir='ltr'><strong>vestinents</strong></span> <span class='ocrx_word' id='word_1_400' title='bbox 1099 2937 1132 2970; x_wconf 83' lang='lat' dir='ltr'><strong>in</strong></span> <span class='ocrx_word' id='word_1_401' title='bbox 1151 2949 1171 2971; x_wconf 82' lang='lat' dir='ltr'><strong>a</strong></span> <span class='ocrx_word' id='word_1_402' title='bbox 1190 2938 1363 2972; x_wconf 83' lang='lat' dir='ltr'><strong>Lichfield</strong></span> <span class='ocrx_word' id='word_1_403' title='bbox 1382 2938 1545 2973; x_wconf 78' lang='lat' dir='ltr'><strong>Sacrist&#39;s</strong></span> <span class='ocrx_word' id='word_1_404' title='bbox 1565 2937 1659 2971; x_wconf 81' lang='lat' dir='ltr'><strong>Roll.</strong></span> 
     </span>
    </p>
   </div>
  </div>
 </body>
</html>
