1935 3151
573 153 800 188 ORIGJNAL
836 153 1122 187 DOCUMENTS.

85 266 218 308 michi
249 268 295 306 in
327 280 423 307 mea
452 267 710 307 necessitate
742 267 969 316 dederunt,
1002 269 1047 305 et
1077 266 1131 305 ad
1154 265 1359 319 majorem
1391 265 1524 319 hujus
1555 266 1616 304 rei

86 333 362 372 securitatem
414 332 617 384 praesenti
658 335 786 371 cartae
828 331 1018 384 sigillum
1062 344 1209 370 meum
1251 331 1443 383 apposui.
1520 330 1617 369 Hiis

85 396 283 444 testibus,
323 395 496 434 domino
530 395 716 435 Patricio
752 395 804 434 de
842 395 1057 444 westwic,
1094 393 1271 444 Thoma,
1307 394 1528 433 willelmo
1564 394 1616 433 de

86 459 331 508 Plumtona,
363 458 555 497 &alfrido
590 459 642 498 de
678 459 838 498 Larder
871 459 1073 498 canonico
1107 458 1315 511 Riponize„
1346 458 1532 498 Roberto
1565 458 1618 497 de

88 522 286 571 Stainlai‚
319 522 498 561 Ricardo
529 522 580 561 de
614 523 762 573 Rosos),
795 522 970 561 Nicolao
1001 523 1053 561 de
1086 522 1222 572 Burt',
1245 522 1374 562 Petro
1405 522 1458 561 de
1483 521 1618 571 Burt',

86 586 276 625 waltero
308 586 360 625 de
383 585 556 635 Hiltun,
589 586 775 626 Roberto
807 586 960 626 clerico
993 585 1080 626 filio
1104 600 1194 636 SUO,
1217 586 1352 626 Alano
1383 586 1536 626 clerico
1567 585 1618 625 de

87 650 309 699 Brereton,
332 653 375 689 et
396 649 546 689 multis
567 649 674 691 aliis,

152 793 402 829 CXXXVIII.
439 793 767 830 OONCERNING
803 795 958 839 ALAN,
993 795 1085 830 SON
1118 795 1181 831 OF
1216 795 1451 830 RICHARD
1486 796 1548 830 OF

748 853 956 888 NORTON.

595 924 883 967 (DARNBROUGH
910 924 986 958 MS.
1014 923 1121 967 xxii.)

177 996 388 1036 Omnibus
424 995 498 1036 has
531 996 677 1036 literas
709 997 862 1036 visuris
904 997 971 1036 vel
1003 997 1230 1047 audituris,
1263 997 1475 1036 Robertus
1506 996 1621 1036 filius

89 1060 261 1100 Radulfi
284 1060 336 1099 de
360 1059 602 1115 (Tautehill
618 1059 672 1115 P),
695 1061 878 1100 salutem
911 1061 957 1100 in
989 1061 1187 1101 Domino.
1249 1061 1430 1100 Noverit
1451 1061 1622 1100 univer-

90 1125 194 1164 sitas
225 1127 365 1163 vestra
398 1138 467 1163 me
499 1125 666 1164 dedisse
699 1129 743 1164 et
775 1125 1031 1164 concessisse
1064 1128 1109 1164 et
1131 1126 1329 1177 quietum
1351 1124 1555 1163 clamasse
1579 1128 1619 1163 et

89 1187 166 1227 hac
189 1188 391 1240 praesenti
414 1190 530 1227 carta
562 1201 657 1227 mea
681 1187 954 1228 confirmasse
986 1189 1076 1227 Deo
1109 1192 1154 1227 et
1186 1188 1401 1227 canonicis
1435 1188 1623 1227 ecclesiae

90 1252 237 1292 Sancti
257 1251 446 1291 wilfridi
478 1252 688 1304 Riponiae,
710 1252 895 1291 Alanum
925 1252 1066 1291 filium
1098 1252 1268 1291 Ricardi
1299 1252 1351 1291 de
1384 1251 1623 1301 Northona,

87 1315 304 1368 quondam
330 1314 551 1354 hominem
586 1329 748 1365 meum,
781 1330 880 1355 cum
912 1319 1004 1356 tota
1034 1316 1207 1368 sequela
1242 1329 1317 1355 sua
1354 1318 1399 1355 et
1425 1315 1622 1355 omnibus

87 1379 250 1418 catallis
275 1380 376 1428 suis,
399 1382 443 1418 et
473 1383 616 1418 totum
643 1378 717 1432 jus
739 1383 783 1418 et:
808 1379 1011 1419 clamium
1033 1380 1145 1432 quod
1169 1378 1381 1432 (unquam
1401 1379 1410 1402 ¹
1431 1378 1470 1432 P)
1491 1378 1623 1418 habui

86 1443 262 1482 nomine
294 1443 536 1482 nativitatis
559 1443 627 1482 vel
660 1442 817 1482 habere
850 1444 987 1496 potui,
1010 1444 1063 1482 de
1094 1457 1163 1482 me
1186 1447 1230 1483 et
1251 1442 1491 1482 haeredibus
1514 1443 1623 1482 meis

87 1506 133 1544 in
175 1510 449 1558 perpetuum,
483 1519 559 1559 pro
595 1506 712 1559 xxiij.
749 1520 780 1546 S.
815 1520 920 1560 quos
960 1506 1156 1560 praedicti
1197 1507 1391 1546 canonici
1433 1506 1623 1546 ecclesiae

89 1568 237 1609 Sancti
259 1569 446 1609 Wilfridi
469 1568 599 1609 michi
622 1570 850 1610 dederunt.
913 1571 970 1610 Et
999 1571 1045 1609 in
1077 1569 1207 1623 hujus
1232 1571 1293 1609 rei
1322 1570 1623 1609 testimonium

87 1637 246 1672 cartam
269 1634 399 1672 istam
423 1633 553 1687 sigilli
575 1634 660 1672 mei
684 1635 928 1673 munimine
960 1634 1240 1674 corroboravi.
1301 1633 1399 1672 Hiis
1421 1634 1621 1684 testibus,

89 1696 207 1736 Colm
224 1696 587 1750 (?)—Maleverer
618 1697 670 1736 de
700 1697 739 1735 N
743 1696 939 1746 orthona,
961 1696 1219 1736 Marmeduk
1241 1697 1294 1736 de
1317 1696 1524 1747 Disforth‚
1549 1698 1622 1737 Ri-

87 1760 213 1799 cardo
236 1759 367 1801 fratre
390 1761 587 1814 Hugonis
609 1761 661 1800 de
684 1761 832 1800 eadem
855 1761 968 1811 villa,
992 1763 1035 1800 et
1058 1760 1210 1800 multis
1231 1760 1340 1800 aliis.

233 1903 445 1938 CXXXIX.
481 1903 804 1939 OONCERNING
841 1904 1052 1948 ROBERT,
1087 1904 1180 1939 SON
1214 1903 1277 1939 OF
1311 1903 1477 1939 SIMON.

576 1974 868 2018 (DARNBROUGH
893 1973 971 2008 MS.
999 1973 1119 2017 xxiii.)

176 2045 385 2086 Omnibus
417 2045 664 2086 homiuibus
695 2047 748 2087 ad
780 2061 886 2100 quos
918 2060 1103 2100 praesens
1136 2047 1342 2100 scriptum
1364 2048 1619 2099 pervenerit,

85 2107 271 2149 Thomas
305 2109 521 2163 quondam
556 2110 671 2150 filius
704 2110 915 2150 willelmi
957 2110 1026 2150 del
1069 2109 1311 2160 Cressener‚
1346 2109 1531 2149 salutem
1574 2111 1617 2149 in

86 2171 283 2212 Domino.
346 2173 563 2213 Noveritis
594 2188 679 2225 me,
711 2175 879 2214 Divinae
915 2175 1092 2227 pietatis
1129 2174 1310 2224 intuitu,
1333 2173 1542 2213 relaxasse
1575 2179 1619 2214 et

86 2248 162 2288 pro
187 2249 256 2275 me
280 2240 325 2275 et
353 2235 595 2277 haeredibus
624 2239 732 2277 meis
764 2238 962 2291 quietum
984 2238 1187 2277 clamasse
1209 2238 1254 2276 in
1276 2242 1552 2290 perpetuum,
1575 2242 1619 2278 et:

86 2300 288 2350 praesenti
321 2300 477 2352 scripto
513 2314 609 2340 meo
642 2301 914 2341 confirmasse
951 2301 1042 2340 Deo
1076 2305 1117 2340 et
1155 2300 1310 2341 Sancto
1335 2300 1533 2340 Wilfrido
1565 2302 1618 2341 de

87 2361 264 2415 Rypon’,
288 2362 526 2402 Robertum
547 2365 763 2417 quondam
778 2364 916 2403 filium
941 2364 1138 2417 Symonis
1152 2363 1230 2402 filii
1248 2364 1402 2412 Panoc‚
1417 2364 1617 2414 liberum,

87 2426 298 2478 quietum,
321 2426 511 2466 solutum
533 2427 586 2467 ab
608 2429 725 2467 omni
749 2428 925 2467 servicio
953 2429 998 2466 in
1027 2431 1301 2480 perpetuum.
1363 2428 1429 2467 Ita
1454 2428 1618 2468 scilicet

65 2488 200 2540 quod
240 2502 319 2528 nec
361 2503 440 2543 ego
480 2492 817 2543 praenominatus
850 2490 1047 2541 Thomas,
1080 2504 1159 2530 nec
1201 2491 1355 2544 aliquis
1397 2490 1617 2531 haeredum

87 2564 295 2602 meorum,
320 2553 387 2592 vel
417 2553 571 2606 aliquis
609 2568 660 2594 ex
696 2558 815 2607 parte
845 2558 1002 2604 nostra,
1037 2555 1082 2593 in
1115 2555 1228 2594 dicto
1258 2554 1444 2593 Roberto
1470 2555 1536 2593 vel
1571 2556 1615 2594 in

86 2612 327 2655 haeredibus
350 2617 436 2656 suis
459 2617 526 2656 vel
548 2618 593 2656 in
617 2631 763 2657 eorum
785 2618 1028 2671 assignatis,
1051 2618 1223 2671 aliquod
1239 2617 1351 2670 juris
1374 2617 1440 2656 vel
1463 2618 1616 2657 clamei

83 2677 182 2731 jure
214 2680 282 2719 vel
314 2678 579 2720 haereditatis
601 2683 774 2722 nomine
807 2683 1046 2732 servientis,
1078 2683 1131 2722 de
1163 2686 1314 2721 caetero
1347 2682 1515 2734 exigere
1549 2683 1615 2721 vel

86 2742 308 2782 vendicare
330 2744 578 2796 poterimus.
640 2746 789 2785 Liceat
809 2746 943 2785 eciam
965 2749 1198 2785 memorato
1220 2745 1406 2784 Roberto
1421 2748 1465 2784 et
1481 2744 1615 2785 haere-

87 2805 212 2845 dibus
234 2807 322 2846 suis
344 2807 411 2847 vel
434 2821 582 2849 eorum
602 2810 830 2863 assignatis
851 2823 950 2849 cum
964 2813 1057 2849 tota
1074 2808 1246 2862 sequela
1263 2822 1338 2848 sua.
1355 2812 1400 2848 et
1415 2809 1615 2849 omnibus

691 2899 747 2942 (1)
774 2898 852 2933 MS.
878 2900 888 2918 ‘
901 2898 1001 2932 meo.’

844 2963 865 2991 S

1753 141 1795 186 tf>

1790 141 1813 187 Q]

1820 140 1846 189 ,q

1653 394 1833 423 Witnessos.

1655 1005 1735 1035 noh.
1753 1006 1791 1034 de

1655 1044 1817 1074 Tautehill

1656 1088 1688 1113 to
1704 1085 1758 1112 the

1656 1123 1784 1153 (lhurch
1800 1122 1832 1151 of

1659 1162 1771 1200 Ripon.

1657 1643 1839 1673 Witnesses.

1654 2054 1732 2085 Tho.
1747 2056 1784 2084 de

1654 2095 1820 2124 Cressener

1653 2137 1686 2162 to
1700 2135 1754 2163 the

1654 2172 1779 2202 Church
1795 2173 1830 2202 of

1654 2212 1768 2249 Ripon.
