1935 3151
1771 150 1796 192 [L

1805 150 1830 192 ⁴-

1840 156 1849 186 v..

1853 150 1864 192 v-

593 158 819 191 ORIGINAL
855 157 1145 190 DocUMENTS.

100 271 418 322 defunctorum,
440 271 485 310 in
507 270 668 324 capella
692 271 779 311 sive
802 269 1002 324 hospitali
1025 269 1170 310 Sancti
1193 270 1218 310 J
1223 268 1404 309 ohannis
1427 271 1636 323 Baptistae

102 337 254 390 Ripon’
285 336 467 390 singulis
498 335 651 375 diebus
684 335 973 383 celebraturo3
1018 334 1277 374 Habendum
1310 338 1355 373 et
1396 336 1635 374 tenendum

101 402 243 442 eidem
264 401 483 454 capellano
505 404 549 439 ct
579 399 889 440 successoribus
912 399 998 438 suis
1030 398 1277 451 capellaniS,
1299 398 1454 438 Divina
1476 399 1636 438 ibidem

103 466 213 505 sicut
246 465 499 518 praedictum
543 468 607 503 est
647 462 970 518 celebrat(uris)
1005 462 1132 516 juxta
1174 462 1493 502 ordinacionem
1536 463 1636 502 inde

101 530 339 570 faciendam
362 531 699 582 imperpetuum.
750 528 805 567 Et
827 528 979 567 dicunt
1001 527 1115 580 quod
1138 541 1275 566 unum
1298 527 1570 581 mesuagium
1595 530 1639 566 et
1672 535 1830 564 Evidenee

102 595 349 648 quindecim
374 594 564 633 solidatae
594 596 638 631 ct
661 606 732 631 scx
754 592 969 631 denaratae
1001 592 1195 631 redditus
1217 592 1260 630 in
1284 591 1438 644 Ripon’
1460 595 1503 631 et
1526 592 1640 631 Bon·
1672 581 1806 644 {ssn'ss'rffl

103 659 258 713 (legate
280 659 332 698 de
355 657 617 697 tenementis
639 657 852 709 praedictis
874 659 1082 696 tenentur
1103 656 1155 696 de
1170 654 1498 709 Archiepiscopo
1512 656 1638 696 Ebor.

103 727 147 762 et
169 722 482 762 successoribus
506 722 592 761 suis
615 735 690 774 per
711 720 969 761 fidelitatem
993 724 1037 760 et
1059 734 1134 774 per
1157 721 1384 760 servicium
1407 721 1474 774 xvj
1501 721 1541 760 (1.
1565 734 1640 773 per

102 801 279 837 annum,
302 791 346 826 et
371 787 486 826 idem
508 784 863 838 Arcbiepiscopus
892 799 941 824 ea
972 788 1095 824 tenet
1117 785 1162 824 in
1185 785 1362 824 servicio
1390 784 1443 824 de
1466 785 1640 824 domino

105 852 222 906 Rege
263 852 309 890 in
339 851 494 904 capite,
527 854 568 890 et
607 850 772 889 dictum
806 850 1080 903 mesuagium
1119 848 1233 888 valet
1274 863 1348 902 per
1389 863 1552 888 annum
1595 849 1639 888 in

104 916 302 956 omnibus
325 915 512 955 exitibus
534 915 648 954 ultra
670 914 896 953 servicium
919 914 1173 966 praedictum
1196 912 1268 967 xiij
1295 928 1326 954 s,
1349 913 1411 967 iiij
1437 914 1479 954 d.
1525 914 1638 953 Item

104 981 256 1020 dicunt
272 979 385 1032 quod
402 993 540 1019 unum
557 979 847 1032 mesuagium,
862 977 1109 1030 quindecim
1126 991 1231 1017 acrae
1244 980 1368 1017 terrae
1386 981 1429 1017 et
1446 978 1640 1027 dimidia,

106 1058 191 1084 una
227 1057 322 1083 acra
347 1044 473 1097 prati,
502 1047 547 1083 et
580 1046 667 1082 tres
703 1042 895 1081 solidatae
929 1045 974 1081 et·
1006 1041 1101 1081 duae
1127 1041 1341 1081 denaratae
1369 1041 1562 1081 redditus
1597 1042 1642 1081 in

105 1107 258 1162 Ripon’
278 1112 322 1148 et
345 1108 594 1161 Bondegate
615 1107 669 1146 de
692 1106 955 1146 tenementis
977 1106 1192 1159 praedictis
1214 1109 1420 1145 tenentur
1442 1106 1494 1146 de
1519 1105 1644 1159 Capi-

104 1174 198 1214 tulo
221 1173 368 1214 Sancti
385 1172 574 1212 wilfridi
592 1171 745 1224 Ripon’
759 1185 835 1224 per
858 1171 1085 1211 servicium
1107 1172 1237 1211 unius
1259 1184 1362 1211 rosae
1384 1185 1459 1224 per
1480 1184 1641 1210 annum
1677 1187 1743 1215 ουρ
1760 1195 1825 1215 mse

105 1252 181 1291 pro
212 1238 330 1278 omni
362 1238 553 1288 servicio,
576 1241 620 1276 et
652 1237 819 1276 dictum
844 1235 1092 1289 Capitulum
1125 1249 1175 1275 ea
1205 1238 1330 1275 tenet
1361 1236 1413 1275 (le
1448 1235 1564 1289 Rege
1598 1235 1642 1274 in
1678 1236 1796 1264 ³5⁰²¹¹²

105 1303 244 1356 capite
267 1303 311 1341 in
334 1305 588 1355 perpetuam
610 1300 905 1350 elemosinam,
929 1304 973 1339 et
1005 1300 1121 1339 dicta
1141 1300 1428 1353 mesuagium,
1451 1303 1578 1349 terra,
1601 1303 1645 1339 et

105 1370 277 1420 pratum
307 1366 453 1406 valent
481 1379 556 1419 per
581 1378 744 1404 annum
774 1365 819 1403 in
848 1364 1047 1404 omnibus
1081 1364 1268 1403 exitibus
1302 1364 1446 1416 xxxiiij
1481 1377 1512 1404 S.
1543 1363 1570 1417 ij
1601 1363 1642 1403 d.

106 1431 219 1471 Item
257 1431 409 1470 dicunt
441 1430 556 1483 quod
589 1429 684 1469 duze
713 1441 819 1468 acrae
854 1432 898 1467 et
927 1442 1014 1467 una
1038 1428 1140 1467 roda
1167 1431 1307 1478 terrae,
1340 1431 1383 1467 et
1416 1431 1503 1467 tres
1531 1428 1643 1467 rodae

106 1495 217 1549 prati
231 1496 276 1534 in
292 1494 444 1548 Ripon'
466 1497 510 1534 et
534 1493 798 1546 Bondegate,
821 1492 873 1532 de
895 1493 1160 1531 tenementis
1182 1491 1412 1545 praedictis,
1435 1495 1643 1531 tenentur

106 1560 158 1599 de
188 1560 303 1599 dicto
327 1557 661 1611 Archiepiscopo
687 1560 731 1596 et
765 1557 1078 1596 successoribus
1106 1556 1192 1595 suis
1226 1570 1300 1609 per
1323 1555 1577 1595 fidelitatem
1599 1559 1643 1595 et

105 1638 181 1677 per
215 1624 442 1664 servicium
475 1622 543 1676 xvj
580 1623 620 1663 d.
656 1636 732 1675 per
768 1635 946 1671 annum,
985 1624 1029 1660 et
1065 1620 1181 1660 idem
1210 1619 1564 1673 Archiepiscopus
1595 1634 1644 1659 ea

106 1691 225 1728 tenet
260 1688 306 1727 in
343 1687 520 1727 servicio
557 1686 609 1725 de
644 1685 762 1739 Rege
792 1686 837 1724 in
865 1685 1020 1737 capite,
1051 1687 1095 1723 et
1127 1683 1273 1722 valent
1302 1697 1376 1736 per
1406 1698 1567 1723 annmn
1597 1685 1642 1724 in

106 1752 305 1792 omnibus
328 1751 513 1791 exitibus
536 1750 649 1790 ultra
679 1749 907 1789 servicium
936 1749 1190 1802 praedictum
1220 1747 1282 1801 iiij
1317 1762 1347 1788 s.
1373 1747 1390 1802 j
1422 1748 1463 1788 d.
1528 1748 1641 1788 Item

106 1818 259 1857 dicunt
280 1817 392 1870 quod
415 1820 502 1856 tres
524 1816 635 1855 rodae
658 1818 783 1854 terrae
816 1814 861 1853 in
894 1812 1060 1866 Rypon’
1093 1817 1135 1852 et
1161 1813 1411 1867 Bondegate
1444 1813 1497 1852 de
1519 1817 1643 1853 tene-

107 1882 265 1921 mentis
280 1881 496 1934 praedictis
509 1883 716 1919 tenentur
730 1879 781 1918 (16
796 1879 910 1918 dicto
924 1876 1252 1930 Archiepiscopo
1267 1880 1311 1916 et
1330 1877 1643 1918 successoribus

108 1946 195 1985 suis
227 1960 302 1999 per
333 1945 606 1995 fidelitatem,
639 1948 682 1983 et
716 1943 806 1996 ipse
839 1943 891 1982 de
924 1941 1043 1996 Rege
1075 1942 1120 1980 in
1153 1942 1306 1994 capite,
1331 1944 1371 1980 et
1398 1941 1543 1981 valent
1564 1955 1640 1995 per

106 2024 270 2050 annum
301 2011 347 2049 in
379 2009 578 2049 omnibus
611 2007 800 2048 exitibus
828 2005 883 2059 xij
916 2006 957 2046 (1.
1020 2006 1074 2045 Et
1109 2006 1261 2045 dicunt
1281 2005 1393 2058 quod
1417 2009 1504 2044 tres
1535 2019 1641 2046 acrae

107 2075 216 2127 prati
239 2078 284 2114 et
316 2078 482 2127 septem
516 2073 707 2112 solidatae
740 2071 934 2111 redditus
966 2071 1011 2109 in
1045 2068 1260 2109 Sharrowe
1292 2068 1345 2108 de
1377 2071 1641 2109 tenementis

107 2139 321 2192 praedictis
349 2142 556 2179 tenentur
584 2137 636 2177 de
662 2137 776 2176 dicto
799 2134 1128 2188 Archiepiscopo
1150 2136 1192 2172 et
1217 2133 1529 2172 successoribus
1554 2135 1640 2173 suis

106 2218 181 2257 per
202 2203 473 2254 fidelitatem,
495 2205 541 2242 et
569 2202 658 2255 ipse
691 2201 743 2241 de
777 2200 894 2254 Rege
927 2200 971 2238 in
1004 2199 1158 2251 capite,
1191 2202 1236 2237 et
1268 2198 1433 2236 dictum
1466 2202 1639 2250 pratum

108 2268 221 2307 valet
253 2281 328 2321 per
359 2281 523 2306 annum
555 2267 600 2305 in
633 2265 832 2305 omnibus
865 2263 1051 2303 exitibus
1078 2262 1117 2315 vj
1144 2276 1175 2301 s.
1198 2261 1271 2314 xiij
1297 2262 1337 2301 d.
1401 2262 1454 2300 Et
1488 2262 1641 2302 dicunt

107 2333 219 2385 quod
241 2332 419 2371 dimidia
440 2345 534 2370 acra
555 2334 679 2371 terrae
702 2330 744 2368 in
762 2328 1055 2381 Merkyngton
1073 2326 1124 2365 de
1143 2326 1407 2365 tenementis
1425 2326 1640 2379 praedictis

106 2399 279 2436 tenetur
301 2396 353 2436 de
368 2394 575 2434 Nicholao
592 2395 644 2434 (16
665 2393 839 2433 Burton'
862 2406 936 2445 per
960 2391 1184 2431 servicium
1208 2390 1236 2443 ij
1257 2390 1297 2430 d.
1320 2404 1395 2443 per
1409 2404 1570 2430 annum
1595 2397 1639 2431 et

107 2461 223 2500 idem
246 2460 283 2499 N
288 2459 478 2499 icholaus
500 2473 593 2499 eam
615 2462 735 2497 tenet
760 2457 804 2496 in
830 2456 1006 2495 servicio
1031 2455 1084 2494 de
1111 2455 1224 2493 dicto
1246 2453 1572 2508 Archiepiscopo
1595 2460 1636 2494 et

107 2524 417 2564 successoribus
442 2524 528 2563 suis
550 2536 624 2576 per
646 2521 919 2567 fidelitatem,
943 2524 984 2559 et
1009 2520 1101 2572 ipse
1124 2519 1175 2558 (16
1201 2519 1318 2573 Rege
1342 2519 1386 2558 in
1408 2520 1564 2572 capite,
1594 2524 1635 2558 et

107 2588 220 2628 valet
241 2602 316 2642 per
337 2601 500 2628 annum
523 2588 567 2626 in
583 2586 783 2625 omnibus
801 2584 985 2624 exitibus
1000 2583 1071 2637 viij
1097 2584 1137 2623 (1.
1161 2583 1270 2622 ultra
1293 2584 1516 2622 servicium
1533 2598 1639 2636 prze-

106 2653 285 2692 (lictum.
347 2653 460 2692 Item
483 2652 634 2691 dicunt
656 2649 768 2702 quod
790 2649 875 2688 duo
897 2648 1135 2702 mesuagia,
1150 2661 1287 2686 unum
1310 2646 1485 2695 toftum,
1501 2661 1636 2686 unum

106 2716 306 2767 croftum,
337 2731 424 2756 una
463 2716 629 2763 bovata,
671 2718 715 2754 et
747 2713 980 2753 tresdecim
1011 2726 1116 2751 acrae
1148 2717 1272 2751 terrae
1305 2715 1349 2750 et
1381 2711 1557 2750 dimidia
1592 2712 1635 2751 in

106 2784 226 2832 prato
247 2781 481 2833 pertinent.
504 2780 549 2818 in
564 2775 884 2829 XVallerthwayt
905 2776 956 2815 (16
972 2776 1237 2815 tenementis
1252 2775 1466 2827 praedictis
1484 2778 1636 2815 tenen—

105 2848 176 2883 tur
198 2844 250 2884 de
270 2845 471 2897 praedicto
492 2841 699 2882 Nicholao
731 2842 782 2881 de
816 2840 993 2880 Burton'
1015 2854 1089 2893 per
1122 2839 1347 2878 servicium
1370 2839 1637 2891 praedictum.

108 2914 151 2948 ct
193 2909 282 2961 ipse
319 2909 371 2948 (16
406 2908 608 2961 Ρ1·ῑ6(116’[ο
641 2904 968 2958 Αι“61116])156«η)(ι
1006 2911 1045 2943 et
1085 2903 1396 2942 successoribus
1440 2904 1527 2942 suis
1562 2918 1637 2957 pcr

844 2982 904 3008 112
