1935 3151
50 134 144 180 154
767 144 1042 177 MErromALs
1079 144 1136 177 or
1174 144 1331 177 mpox.

48 275 185 312 chantry
201 278 236 302 at
283 258 416 298 altare
440 258 484 297 in
507 258 658 298 eadem
681 257 874 306 ecclesia,
898 257 1136 296 secundum
1158 256 1474 296 ordinacionem
1506 256 1683 309 capituli
1707 257 1821 296 limi·-

48 313 200 381 ζξξξζὲῗθ
215 322 250 341 ‘¹¹'
283 323 466 362 tandum
488 324 564 363 uni
585 323 751 377 ydoneo
772 322 991 375 capellano
1012 321 1065 361 de
1088 322 1188 361 villa
1217 320 1370 374 Ripon'
1391 320 1586 371 oriundo,
1609 322 1646 361 si
1666 322 1822 375 aliquis

48 393 141 422 altar.
284 387 383 427 talis
404 388 655 440 reperiatur,
678 387 804 427 modo
832 386 1035 439 praedicto
1066 386 1214 426 divina
1244 385 1525 434 celebraturo,
1547 384 1755 436 conferre,
1777 390 1823 426 et

282 453 426 505 ipsum
448 453 493 492 in
515 452 664 492 eadem
687 451 834 491 induci
856 450 1010 502 facere,
1031 465 1131 491 cum
1155 450 1242 490 suis
1267 449 1441 504 juribus
1472 452 1518 489 et
1541 450 1821 503 pertinenciis

285 517 511 566 universis,
526 515 638 555 infra
651 515 938 569 quadraginta
951 514 1042 554 dies
1059 515 1328 554 vacacionem
1345 514 1470 554 dictae
1487 514 1687 553 cantariae
1700 527 1820 567 prox.

49 593 87 623 ln
103 603 172 624 case
188 594 222 623 of
285 584 531 634 sequentes.
594 572 650 619 Et
674 579 708 619 si
730 579 953 633 contingat
973 579 1140 618 dictum
1162 578 1402 631 capitulum
1425 577 1578 631 Ripon'
1593 577 1820 632 negligens

47 632 238 710 {Jffjg'tjffif
284 644 372 684 fore
408 645 453 684 in
491 658 577 684 non
611 643 868 683 conferendo
904 643 1067 683 dictam
1103 643 1338 682 cantariam
1380 656 1455 682 seu
1496 642 1790 682 inducendum
1808 642 1818 665 ¹

47 711 132 756 Y⁴·1·¹5
149 714 180 741 to
282 710 449 749 dictum
490 708 761 762 capellanum
801 711 852 747 ut
892 707 1117 761 praefertur
1158 708 1204 747 in
1242 707 1406 758 eadem,
1442 707 1587 760 aliquo
1625 710 1820 760 tempore

47 756 216 782 nominate.
283 774 516 813 vacacionis
558 772 753 827 ejusdem
794 773 1009 823 cantariae‚
1050 775 1209 812 extunc
1250 772 1449 812 volumus
1493 774 1537 811 et
1573 771 1821 811 ordinamus

282 838 395 891 quod
417 838 503 877 illis
520 837 684 877 vicibus
702 841 747 877 et
764 836 1059 876 vacacionibus
1081 836 1167 876 illis
1190 836 1339 887 eciam,
1356 836 1538 876 durante
1555 834 1821 888 hujusmodi,

280 903 394 955 quod
415 902 540 952 absit,
558 901 826 955 necligencia
847 900 1013 954 praefati
1035 901 1215 954 capituli
1233 899 1401 954 Ripon',
1418 900 1527 940 bene
1549 899 1677 939 liceat
1692 913 1822 939 vene-

280 966 484 1006 rabilibus
517 966 618 1005 viris
649 966 837 1005 dominis
873 965 1044 1005 Decano
1076 970 1120 1005 et
1151 965 1339 1018 capitulo
1373 964 1562 1005 ecclesiae
1599 962 1741 1014 Ebot„
1772 977 1820 1004 ac

280 1031 459 1070 absente
480 1030 655 1080 decano,
678 1029 798 1082 ipso2
818 1030 1022 1082 capitulo,
1044 1029 1156 1069 infra
1177 1030 1335 1084 viginti
1367 1029 1458 1069 dies
1480 1029 1616 1068 dict-os
1638 1027 1820 1081 quadra-

279 1096 403 1148 ginta
423 1095 515 1134 dies
548 1097 706 1134 extunc
738 1094 988 1133 immediate
1022 1098 1265 1147 sequentes,
1287 1094 1446 1134 dictam
1479 1092 1712 1131 cantariam
1741 1091 1819 1131 uni

279 1159 500 1212 capellano
521 1158 688 1211 ydoneo
711 1162 755 1197 et
783 1156 964 1197 honesto
986 1159 1030 1197 in
1052 1158 1187 1198 forma
1219 1158 1421 1211 praedicta
1452 1157 1586 1197 libere
1613 1155 1819 1205 conferre,

280 1227 324 1263 et
345 1224 489 1276 ipsum
512 1223 658 1262 induci
682 1222 819 1262 facere
842 1223 886 1261 in
908 1222 1059 1262 eadem
1076 1237 1176 1262 cum
1191 1223 1277 1262 suis
1294 1222 1467 1276 juribus
1482 1225 1526 1261 et
1540 1220 1819 1274 pertinenciis

279 1287 492 1327 universis
523 1287 618 1326 aliis
649 1287 924 1326 vacacionum
957 1287 1222 1340 temporibus
1255 1286 1425 1327 eidem3
1446 1285 1634 1339 capitulo
1665 1285 1819 1338 Ripon‘

279 1366 354 1391 suo
370 1352 468 1405 jure
495 1351 753 1391 conferendo
779 1350 939 1390 dictam
963 1352 1215 1402 cantariam,
1238 1355 1282 1391 et
1303 1350 1576 1404 capellanum
1598 1350 1644 1388 in
1667 1349 1818 1389 eadem

44 1426 111 1472 'rije
126 1427 231 1464 Chap-
277 1416 522 1455 inducendo
544 1418 594 1454 ut
617 1414 857 1468 praefertur,
880 1415 925 1454 in
948 1415 1147 1455 omnibus
1175 1429 1342 1468 semper
1366 1415 1495 1454 salvo.
1559 1413 1820 1455 Ordinamus

44 1467 109 1495 ¹⁸¹⁰
127 1471 158 1495 ‘⁰
278 1480 453 1533 insuper
475 1483 520 1518 et
543 1479 743 1519 volumus
767 1479 880 1532 quod
901 1480 993 1532 ipse
1025 1480 1224 1519 dominus
1246 1478 1465 1521 ‚Iohannes
1487 1478 1750 1532 capellanus,
1772 1491 1820 1517 36

44 1506 156 1534 attend
171 1506 203 1534 in

45 1546 132 1574 ⁰¹¹⁰ir
146 1554 187 1574 0¹1
279 1558 428 1584 omnes
450 1548 494 1584 et
517 1543 677 1597 singuli
701 1543 766 1582 sui
789 1557 1047 1583 successores
1068 1544 1194 1584 dictae
1216 1544 1414 1584 cantariae
1435 1543 1645 1597 capellani
1659 1542 1820 1582 futuris

45 1585 204 1620 Surulavs,
452 1609 459 1616 .
775 1608 782 1615 .
854 1609 861 1616 .
993 1608 1000 1616 .
1099 1609 1106 1616 .
1272 1609 1278 1616 .
1483 1608 1491 1616 .
1620 1608 1628 1616 .
1737 1608 1745 1615 .

44 1631 103 1654 ete.
277 1608 544 1662 temporibus
587 1612 808 1661 perpetuis
850 1612 1056 1647 intersmt
1094 1622 1140 1648 111
1181 1607 1334 1648 habltu
1376 1606 1494 1648 chori
1531 1611 1576 1647 et
1616 1621 1662 1646 m
1703 1607 1821 1647 dicta

279 1673 456 1713 ecclesia
479 1667 632 1726 Ripon’
655 1672 837 1726 singulis
859 1672 1012 1712 diebus
1034 1672 1272 1712 Dominicis
1294 1676 1338 1712 et
1359 1672 1540 1722 festivis,
1562 1685 1609 1711 ac
1637 1670 1819 1726 singulis

278 1737 431 1778 diebus
467 1740 661 1790 tempore
687 1736 1048 1789 quadragesimali
1078 1737 1124 1776 in
1157 1735 1273 1777 horis
1307 1736 1534 1786 canonicis,
1564 1750 1612 1775 36
1649 1750 1818 1789 proces-

279 1801 469 1840 sionibus
483 1801 826 1854 quibuscumque
840 1814 1110 1854 quocumque
1125 1804 1319 1854 tempore
1333 1800 1436 1840 anni
1449 1800 1818 1854 contingentibus,

278 1868 470 1905 cessante
492 1865 804 1918 impedimento
825 1864 1036 1919 legitimo,
1057 1879 1144 1905 una
1163 1879 1261 1905 cum
1282 1865 1376 1904 aliis
1397 1864 1607 1904 ministris
1629 1864 1819 1904 ecclesiae

48 1939 187 1984 Chapter
203 1942 234 1966 to
282 1929 434 1983 Ripon'
450 1929 679 1969 antedictae
697 1929 743 1968 in
765 1929 947 1969 Divinis.
992 1930 1049 1969 Et
1071 1930 1104 1968 si
1126 1930 1352 1984 contingat
1372 1928 1562 1982 aliquem
1585 1929 1819 1969 eorundem

49 1978 166 2046 2223„ss
181 1987 214 2006 ¹¹¹
281 1994 441 2047 absque
464 2007 590 2033 causa
610 1993 807 2047 legitima
829 2006 872 2033 se
894 1993 1038 2046 aliquo
1060 1997 1253 2047 tempore
1284 1993 1516 2043 absentari,
1538 2006 1614 2046 pro
1637 1992 1820 2047 singulis

50 2057 194 2125 ἳῖῑδὲῗιξὲθ
283 2058 549 2110 temporibus
570 2057 778 2097 absenciae
802 2070 887 2097 suae
909 2056 1158 2110 hujusmodi
1189 2058 1390 2098 canonice
1412 2057 1557 2111 puniri
1579 2057 1710 2097 debet
1731 2057 1821 2110 ipse

53 2115 61 2124 ‘
185 2118 190 2124 ’
283 2122 529 2175 capellanus
545 2121 709 2174 judicio
732 2124 776 2160 et
797 2121 973 2161 arbitrio
995 2122 1099 2162 dicti
1120 2122 1299 2175 capituli
1321 2121 1473 2175 Ripon’
1494 2124 1571 2161 aut
1592 2120 1684 2174 ejus
1705 2134 1822 2161 com-

285 2187 483 2235 missarii,
513 2186 601 2225 sive
638 2198 862 2225 causarum
893 2186 1102 2226 auditoris
1139 2186 1336 2239 deputati
1373 2186 1440 2225 vel
1477 2185 1716 2239 deputandi
1744 2199 1821 2239 pro

56 2258 228 2296 Inventory
286 2250 490 2290 exercicio
526 2248 844 2303 jurisdiccionis
879 2249 1060 2303 capituli
1102 2249 1255 2303 Ripon’
1283 2248 1549 2303 supradictae.
1612 2249 1818 2302 Quodque

53 2298 206 2374 ζξιῇοζῑιῗ
286 2315 340 2354 de
371 2318 415 2355 et
447 2327 573 2367 super
603 2313 738 2362 libris,
767 2314 1055 2364 vestimentis,
1087 2314 1230 2364 calice,
1263 2317 1307 2354 et·
1337 2314 1431 2354 aliis
1467 2314 1592 2353 dictae
1621 2313 1819 2353 cantariae

56 2378 196 2444 {3¹33ss
287 2378 549 2418 ornamentis
590 2377 933 2431 quibuscumque
981 2378 1208 2433 assignatis
1249 2381 1294 2418 et
1335 2378 1513 2427 collatis,
1554 2377 1733 2431 plenum
1775 2380 1821 2417 et

59 2455 231 2484 indeuture.
289 2442 414 2482 fidele
437 2441 512 2481 fiat
533 2442 821 2481 inventarium
843 2442 1132 2492 indentatum,
1149 2442 1272 2496 cujus
1292 2456 1379 2482 una
1399 2455 1494 2496 pars
1509 2455 1641 2496 penes
1655 2441 1821 2482 dictum

291 2505 577 2546 venerabilem
595 2505 832 2557 capitulum
855 2506 1020 2559 Ripon’,
1037 2506 1120 2546 alia
1137 2520 1235 2546 vero
1251 2520 1382 2560 penes
1399 2506 1563 2546 dictum
1580 2506 1608 2546 J
1610 2504 1823 2545 ohannem

289 2572 343 2611 de
365 2570 523 2618 Grene,
545 2568 833 2622 capellanum,
865 2574 909 2608 et
943 2584 1040 2610 suos
1071 2569 1238 2611 futuros
1271 2583 1531 2611 successores
1563 2569 1690 2609 dictae
1722 2582 1825 2608 can-

288 2636 409 2675 tariae
440 2634 678 2688 capellanos
710 2636 919 2687 perpetuo
950 2635 1249 2684 remanebunt,
1282 2638 1327 2675 et
1357 2634 1469 2688 quod
1502 2633 1583 2686 ipsi
1617 2632 1824 2686 capellani

291 2713 439 2740 omnes
482 2704 526 2737 et
570 2696 730 2750 singuli
773 2697 860 2737 suis
903 2699 1168 2751 temporibus
1207 2698 1463 2739 successuris
1500 2698 1822 2750 imperpetuum

290 2762 538 2815 hujusmodi
560 2762 832 2807 vestimenta,
857 2761 999 2809 libros,
1022 2762 1212 2810 calicem,
1236 2764 1501 2809 ornamenta,
1523 2760 1756 2814 mewagia,
1778 2763 1823 2799 et

288 2827 468 2875 ontagia,
491 2839 536 2863 ac
560 2828 707 2872 terras,
730 2828 964 2877 caeteraque
989 2827 1126 2865 omnia
1153 2826 1231 2864 alia
1257 2829 1298 2865 et
1322 2825 1490 2879 singula
1513 2824 1751 2877 supradicta
1768 2823 1821 2863 ad

389 2916 444 2959 (l)
473 2915 520 2949 So
540 2915 573 2947 ’111
595 2915 683 2957 MS„
702 2920 775 2959 qu-V.
795 2917 802 2933 ‘
821 2913 1041 2948 inducendos
1244 2917 1300 2957 (⁶2)
1329 2915 1375 2948 So
1395 2914 1429 2948 iu
1450 2914 1525 2950 MS.
1545 2913 1597 2948 sor
1614 2917 1622 2933 ‘
1638 2912 1726 2959 ipsL’

775 2968 830 3012 (53)
859 2966 905 3000 So
923 2968 957 3001 iu
978 2967 1067 3004 MS,
1085 2974 1159 3013 qw'.
1181 2968 1348 3003 ‘eodemss
