1935 3151
74 162 167 209 166

69 575 138 597 Λα).
157 569 242 597 1449.

69 879 166 916 Third
181 896 259 924 year

69 927 104 954 of
117 926 198 964 Pope

68 965 97 994 N
101 966 219 995 icholas
226 965 267 994 V.

67 1144 155 1173 Will.

68 1183 184 1221 Speton
205 1183 266 1212 had

68 1222 209 1251 received
222 1224 264 1252 2s.

67 1265 138 1291 rent
152 1262 186 1291 of

67 1301 172 1339 Roger

68 1340 192 1379 lvaryn

65 1380 147 1409 from
164 1389 182 1409 a

67 1420 164 1448 house
180 1420 213 1448 iu

68 1459 263 1495 Annasgate,

67 1498 100 1526 in
118 1499 204 1533 1427,
220 1499 266 1527 for

68 1537 121 1565 the
136 1538 202 1567 obit
216 1538 250 1567 of

69 1575 182 1615 Henry

69 1614 253 1654 Plumpton.

67 2105 169 2142 Roget

68 2144 200 2182 WVnryn.

67 2184 224 2221 deferring

68 2227 226 2261 payment,

67 2263 129 2291 had
147 2264 220 2291 been

66 2302 202 2336 brought
215 2303 266 2332 be-

67 2341 129 2369 fore
145 2342 252 2371 Canon

66 2379 151 2409 John
166 2380 261 2418 Deen,

787 180 1061 214 MEMORIALS
1098 183 1156 215 OF
1191 183 1349 216 Rll'ON.

304 330 459 366 LXXX.
494 332 752 368 EVIDENOE
777 334 977 369 BEFORE
1002 336 1035 369 A
1064 335 1271 371 NOTARY
1298 336 1486 372 PUBLIC
1519 337 1836 374 RESPEOTING

351 390 387 423 A
414 390 780 427 RENT-CHARGE
810 393 915 427 DUE
941 393 1079 428 FROM
1105 394 1208 428 THE
1233 394 1506 430 PLUMPTON
1532 396 1789 431 CHANTRY.

830 473 975 518 (Rn‘ox
1002 474 1186 509 CHAPTER
1211 474 1307 519 MS.)

391 554 443 594 In
466 555 547 594 Dei
568 556 757 606 nomine,
779 556 931 596 Amen.
964 556 1047 596 Per
1060 570 1245 609 praesens
1260 557 1483 610 publicum
1498 558 1837 599 instrumentum

303 619 470 658 cunctis
496 623 698 672 appareat
721 620 957 671 evidenter,
980 621 1094 673 quod
1115 635 1227 661 anno
1258 622 1311 661 ab
1341 622 1641 662 incarnacione
1663 623 1838 663 Domini

303 683 537 722 secundum
569 697 743 723 cursum
776 687 821 724 et
852 686 1220 738 computacionein
1246 686 1448 726 Ecclesiae
1469 687 1715 740 Anglicanae
1735 687 1839 726 Mil-

300 746 451 786 lesimo
473 752 615 787 ccccm⁰
636 748 963 802 quadragesimo
988 763 1114 799 nono,
1137 750 1376 790 indiccione
1408 751 1672 802 duodecima,
1693 751 1838 804 ponti-

301 810 453 850 ficatus
488 812 745 852 sanctissimi
778 813 823 852 in
855 812 1025 854 Christo
1055 815 1189 867 patris
1222 818 1267 854 et
1297 815 1459 854 domini
1491 815 1642 865 nostri,
1675 815 1838 855 domini

300 873 498 916 Nicholai
530 876 685 916 Divina
717 877 998 917 Providencia
1027 878 1154 931 Papae
1192 879 1337 932 quinti
1365 892 1476 918 anno
1505 879 1652 928 tercio,
1674 880 1836 919 mensis

302 940 408 980 Julii
438 941 507 980 die
541 941 710 981 decimo
736 942 935 995 septimo,
964 943 1011 982 in
1043 943 1221 983 ecclesia
1248 943 1476 997 collegiata
1508 943 1654 983 Beatae
1688 943 1838 983 Mariae

302 1003 523 1055 Suthwell,
546 1005 672 1045 Ebor.
705 1006 935 1057 dioceseos,
957 1007 1003 1046 in
1034 1007 1120 1047 mei
1152 1008 1308 1046 notarii
1338 1007 1501 1060 publici
1533 1007 1761 1060 subscripti
1793 1011 1839 1047 et

300 1070 482 1109 testium
533 1069 903 1123 infrascriptorum
955 1072 1187 1124 praesencia
1236 1072 1501 1112 constitutus
1542 1071 1838 1124 personaliter,

300 1133 513 1173 discretus
554 1134 618 1173 vir
660 1134 860 1174 dominus
894 1135 1140 1175 willelmus
1183 1135 1359 1189 Speton,
1401 1136 1582 1175 vicarius
1623 1135 1669 1174 in
1710 1134 1838 1175 choro

300 1197 488 1238 ecelesiae
524 1198 760 1252 collegiatae
802 1199 1068 1252 supradictae,
1110 1199 1213 1239 olim
1253 1200 1436 1240 vicarius
1476 1203 1528 1239 ut
1567 1200 1751 1239 asseruit
1790 1200 1836 1239 in

298 1262 477 1302 ecclesia
498 1262 726 1317 collegiata
748 1262 894 1303 Sancti
909 1263 1030 1304 Petri
1044 1264 1096 1304 de
1111 1263 1291 1317 Rypon’,
1305 1264 1430 1304 dictae
1447 1263 1574 1304 Ebor.
1593 1264 1836 1309 dioeceseos,

300 1326 407 1366 dixit
443 1329 487 1366 et
512 1327 557 1365 in
591 1326 718 1367 verbo
753 1328 978 1368 sacerdotii
1009 1327 1189 1381 juravit,
1216 1328 1329 1380 quod
1360 1329 1452 1381 ipse
1481 1328 1596 1368 idem
1633 1328 1834 1368 dominus

298 1390 543 1430 willelmus
567 1390 741 1443 Speton'
762 1392 807 1430 in
838 1405 950 1431 anno
982 1392 1157 1431 Domini
1189 1391 1426 1431 Millesimo
1458 1396 1601 1431 ccccm⁰
1634 1393 1836 1432 vicesimo

302 1455 500 1507 septimo,
523 1468 598 1507 per
629 1454 861 1495 confratres
894 1469 991 1495 suos
1022 1456 1199 1495 vicarios
1230 1456 1356 1495 dictae
1388 1456 1577 1496 ecclesiae
1599 1456 1836 1510 collegiatae

299 1519 351 1559 de
375 1517 539 1572 Rypon'
554 1519 808 1559 camerarius
831 1523 872 1559 et
895 1523 1089 1572 receptor
1109 1519 1329 1559 firmarum
1351 1523 1396 1559 et
1416 1520 1666 1559 reddituum
1682 1534 1836 1560 eorun-

300 1583 399 1623 dem
432 1583 688 1623 vicariorum
719 1584 967 1636 deputatUS,
1000 1584 1114 1623 inter
1155 1587 1329 1624 caeteras
1371 1597 1545 1623 suorum
1586 1584 1836 1624 reddituum

299 1647 501 1700 parcellas
524 1648 575 1687 de
598 1648 772 1688 domino
794 1648 962 1702 Rogero
976 1648 1151 1701 VVaryn,
1168 1652 1272 1688 tunc
1295 1648 1514 1701 capellano
1534 1648 1587 1688 ad
1601 1649 1834 1688 cantariam

302 1710 468 1751 Sanctae
490 1711 717 1751 Trinitatis
739 1712 785 1751 in
808 1712 923 1751 dicta
945 1712 1123 1752 ecclesia
1152 1712 1380 1766 collegiata
1411 1712 1463 1751 de
1495 1711 1661 1765 Rypon’
1681 1712 1836 1751 funda-

299 1779 405 1824 tam,
422 1774 547 1828 juxta
570 1779 764 1815 tenorem
778 1775 1002 1829 cujusdam
1024 1776 1220 1816 rentallis
1241 1790 1316 1829 per
1338 1776 1473 1816 dictos
1490 1775 1723 1816 confratres
1738 1790 1835 1816 suos

299 1839 476 1879 vicarios
509 1840 590 1880 sibi
622 1840 803 1890 dimissi,
836 1841 969 1893 peciit
1002 1843 1046 1880 et
1076 1840 1313 1894 postulavit
1335 1840 1441 1880 duos
1464 1840 1617 1881 solidos
1638 1840 1834 1880 annualis

298 1903 492 1943 redditus
515 1904 567 1943 de
589 1904 773 1957 quodam
796 1905 1015 1958 mesuagio
1036 1905 1080 1944 in
1103 1905 1363 1959 Annasgate,
1385 1904 1600 1958 quondam
1624 1903 1833 1957 Stephani

298 1967 520 2021 Hoperton
553 1972 774 2019 exeuntes,
804 1982 879 2022 pro
911 1968 1032 2008 obitu
1063 1968 1184 2009 bonae
1215 1969 1433 2008 memoriae
1464 1968 1628 2008 domini
1655 1968 1833 2009 Henrici

298 2031 543 2084 Plompton,
584 2032 798 2085 quondam
839 2033 885 2072 in
927 2033 1042 2072 dicta
1085 2033 1262 2072 ecclesia
1302 2032 1530 2086 collegiata
1572 2032 1625 2072 de
1668 2032 1833 2085 Rypon’

298 2095 458 2136 vicarii.
521 2096 578 2135 Et
599 2097 699 2149 quia
720 2096 922 2149 praefatus
944 2097 1143 2136 dominus
1175 2097 1366 2151 Rogerus
1388 2097 1548 2150 WVaryn
1569 2097 1706 2136 dictos
1725 2097 1832 2136 duos

299 2159 454 2200 solidos
476 2161 673 2200 annualis
695 2161 888 2200 redditus
910 2161 962 2201 ad
979 2165 1083 2200 tunc
1100 2161 1339 2214 persolvere
1353 2161 1590 2211 differebat,
1605 2161 1833 2215 praedictus

298 2224 497 2264 dominus
518 2225 762 2265 WVillelmus
789 2225 965 2278 Speton,
995 2239 1045 2265 ex
1077 2239 1285 2265 consensu
1307 2230 1352 2265 et
1373 2239 1549 2265 assensu
1569 2225 1831 2265 confratrum

298 2302 472 2329 suorum
494 2290 765 2339 vicariorum,
787 2289 1011 2343 praefatum
1034 2289 1257 2329 dominum
1280 2289 1498 2343 Rogerum
1516 2289 1674 2342 lVaryn
1691 2302 1830 2329 coram

297 2352 470 2392 domino
491 2353 519 2393 J
522 2352 688 2393 ohanne
711 2354 846 2404 Deen,
868 2355 972 2393 tunc
994 2354 1196 2393 canonico
1225 2354 1349 2393 dictae
1381 2353 1568 2393 ecclesiae
1593 2353 1830 2407 collegiatae

295 2416 348 2455 de
372 2416 550 2470 Rypon’,
574 2431 649 2456 suo
665 2416 813 2470 judice
835 2418 879 2457 in
902 2416 980 2457 hac
1002 2422 1123 2470 parte
1145 2418 1373 2467 ordinario,
1388 2418 1429 2456 in
1455 2417 1582 2457 domo
1603 2417 1829 2470 capitulari

295 2479 420 2519 dictae
471 2480 657 2519 ecclesife
709 2480 945 2534 collegiatae
987 2482 1039 2521 de
1081 2481 1260 2534 Rypon’,
1301 2482 1346 2520 in
1395 2481 1628 2534 praesencia
1669 2494 1744 2520 sua
1785 2484 1831 2520 et

293 2547 543 2584 caeterorum
587 2543 849 2584 confratrum
889 2559 1061 2585 suorum
1103 2546 1369 2595 vicariorum,
1410 2545 1463 2585 ad
1504 2549 1671 2584 certum
1712 2545 1827 2584 diem

293 2605 399 2646 fecit
448 2607 730 2661 personaliter
770 2622 1029 2661 comparere.
1092 2609 1257 2658 Quibus
1299 2610 1368 2649 die
1409 2613 1455 2649 et
1495 2609 1586 2648 loco
1627 2608 1828 2661 praefatus

294 2669 494 2710 dominus
512 2671 706 2725 Rogerus
720 2672 879 2724 VVaryn
896 2686 1036 2712 coram
1059 2674 1260 2726 praedicto
1281 2673 1454 2713 domino
1475 2673 1501 2714 J
1505 2671 1672 2712 ohanne
1693 2672 1827 2722 Deen,

295 2747 369 2773 suo
385 2734 532 2787 judice
556 2736 599 2773 in
623 2733 701 2773 bac
725 2738 844 2787 parte
861 2736 1088 2786 ordinario,
1103 2737 1356 2790 comparuit,
1371 2740 1415 2776 et
1429 2737 1611 2776 ostensis
1628 2736 1827 2788 primitus

292 2800 337 2837 et
358 2798 481 2838 lectis
503 2800 629 2838 cartis
652 2803 695 2838 et
718 2799 949 2839 evidenciis
972 2800 1185 2840 dictorum
1209 2801 1462 2841 vicariorum
1495 2813 1622 2853 super
1647 2799 1749 2853 jure
1782 2803 1827 2838 et

291 2861 420 2901 titulo
462 2863 565 2901 dicti
608 2862 805 2902 annualis
839 2863 1032 2903 redditus
1066 2864 1246 2904 duorum
1287 2864 1530 2911 solidorum,
1565 2865 1825 2916 praeceptum

289 2923 369 2963 fuit
412 2925 546 2964 eidem
594 2926 766 2965 domino
810 2926 975 2979 Rogero
1013 2941 1087 2980 per
1122 2928 1285 2968 dictum
1321 2928 1545 2967 dominum
1581 2925 1822 2967 „Iohannem
