1935 3151
603 116 829 151 ORIGINAL
866 117 1019 150 DOCUM
1029 116 1152 150 Ex'rs.

726 243 1016 289 (Lxxxvm.)

199 325 352 368 Pateat
385 325 595 366 universis
633 339 708 380 per
744 330 975 381 praesentes
1002 325 1114 380 quod
1144 340 1223 381 ego
1251 325 1470 368 Johannes
1501 323 1644 374 Ward,

112 392 251 443 miles,
274 391 487 431 attornavi
521 394 565 431 et
596 391 686 431 loco
717 403 813 432 meo
845 392 967 445 posui
1000 390 1209 431 dilectum
1241 389 1375 430 michi
1407 391 1452 430 in
1476 387 1645 430 Christo

110 455 353 497 Johannem
386 454 438 495 de
472 455 672 509 Gyseley,
695 456 979 509 capellanum,
1001 458 1169 495 certum
1200 459 1467 496 attornatum
1498 467 1644 494 meum

109 521 163 560 ad
186 519 455 560 liberandum
477 520 650 559 nomine
675 534 770 559 meo
791 520 818 560 J
822 518 980 559 ohanni
1002 519 1054 559 de
1070 519 1194 572 Clynt
1212 520 1382 570 seniori,
1399 523 1444 559 et
1457 519 1483 559 J
1487 517 1645 558 ohanni

111 582 164 625 (le
197 584 326 638 Clynt
352 583 529 637 juniori,
563 583 750 623 Roberto
781 583 833 623 de
866 583 1043 633 Durem,
1067 586 1112 622 et
1143 582 1331 624 Johanni
1364 584 1416 624 de
1448 583 1569 622 Dene
1591 582 1644 621 de

113 649 280 702 Ripon',
297 648 542 702 capellanis,
558 646 797 688 haeredibus
820 651 865 688 et
886 648 1111 701 assignatis
1136 648 1237 698 suis,
1258 649 1429 702 plenam
1447 647 1647 688 seisinam

110 713 163 753 de
186 717 276 753 toto
298 712 372 752 illo
394 711 504 752 tofto
525 724 624 751 cum
648 712 734 751 suis
766 712 1047 765 pertinenciis
1080 713 1194 765 quod
1220 711 1338 766 jacet
1358 713 1403 752 in
1426 711 1579 766 Ripon'
1599 711 1645 750 in

109 776 346 831 Annisgate
368 776 483 815 inter
505 777 794 829 messuagium
811 776 1004 829 praedicti
1026 775 1235 816 vIohannis
1252 776 1304 816 de
1323 776 1452 830 Clynt
1467 775 1645 816 senioris

110 854 161 879 ex
193 845 313 894 parte
355 853 453 890 una,
485 844 529 879 et
562 840 853 893 messuagium
895 840 1109 893 quondam
1142 840 1351 880 Willelmi
1393 841 1446 880 de
1490 840 1646 880 Sancto

108 903 135 943 J
139 902 306 944 ohanne
329 917 379 943 ex
401 907 521 956 parte
537 903 686 952 altera,
704 903 816 956 quod
830 904 1006 957 quidem
1020 903 1180 943 toftum
1197 904 1389 957 praedicti
1411 905 1438 945 J
1441 903 1645 953 ohannes,

109 967 136 1008 J
140 966 341 1018 ohannes,
365 968 592 1017 Robertus,
613 971 659 1007 et
680 968 706 1008 J
710 966 898 1007 ohannes
921 966 1082 1008 habent
1104 982 1154 1008 ex
1176 968 1287 1008 dono
1309 972 1354 1008 et
1375 969 1645 1008 concessione

110 1046 208 1072 mea
248 1031 409 1072 ibidem
446 1030 683 1072 secundum
719 1032 822 1082 vim,
857 1031 1053 1083 formam,
1089 1036 1134 1072 et
1169 1032 1373 1072 effectum
1405 1032 1557 1083 <cm-tce
1574 1031 1642 1087 ‘?)¹

110 1096 211 1136 inde
232 1097 421 1150 plenarie
453 1096 635 1137 confect.
698 1095 858 1136 Ratum
881 1100 925 1136 et
946 1100 1121 1151 gratum
1151 1096 1312 1137 habens
1345 1101 1390 1137 et
1417 1096 1644 1137 habiturus

110 1160 314 1214 quicquid
351 1161 466 1201 idem
501 1159 720 1201 Johannes
761 1159 814 1200 de
856 1160 1046 1214 Gyseley
1081 1161 1259 1200 nomine
1300 1174 1395 1200 meo
1426 1161 1646 1201 induxerit

111 1224 357 1265 faciendum
390 1225 435 1264 in
468 1224 714 1278 praemissiS.
777 1225 828 1264 In
863 1223 985 1278 cujus
1017 1225 1081 1264 rei
1115 1225 1419 1264 testimonium
1455 1237 1644 1277 praesen-

111 1289 229 1328 tibus
253 1289 444 1343 sigillum
473 1302 619 1329 meum
647 1290 841 1342 apposui.
904 1289 1002 1329 Dat.
1034 1289 1148 1343 apud
1173 1288 1330 1342 Ripon'
1354 1289 1556 1328 vicesimo
1577 1288 1647 1329 die

110 1354 275 1393 mensis
298 1353 501 1407 Augusti,
524 1353 648 1392 Anno
671 1353 847 1392 Domini
870 1353 1103 1393 Millesimo
1126 1355 1240 1393 eccm
1257 1353 1553 1407 nonagesimo.

748 1497 997 1542 (LXXXIX.)

200 1579 411 1621 Omnibus
446 1579 525 1620 hoc
557 1580 768 1634 scripturn
799 1581 954 1620 visuris
985 1581 1053 1620 vel
1084 1581 1313 1630 audituris,
1336 1579 1557 1621 Johannes
1590 1580 1643 1621 de

111 1642 292 1684 Tanfeld
323 1645 376 1684 de
409 1643 576 1697 Ripon',
609 1644 793 1684 salutem
824 1645 869 1684 in
902 1644 1085 1684 Domino
1119 1645 1443 1698 sempiternam.
1502 1645 1644 1685 Nove-

112 1708 208 1748 ritis
231 1722 301 1748 me
329 1708 582 1758 remississe,
604 1707 831 1758 relaxasse,
855 1711 899 1748 et
927 1709 1102 1748 omnino
1131 1708 1185 1748 de
1214 1723 1297 1760 me,
1320 1707 1577 1759 haeredibus,
1601 1713 1645 1749 et

109 1773 341 1826 assignatis
382 1772 491 1812 meis
543 1772 863 1825 imperpetuum
905 1773 1311 1825 quietumclamasse
1362 1774 1389 1814 J
1393 1771 1551 1813 ohanni
1591 1773 1644 1814 (16

112 1836 242 1890 Clynt
264 1836 419 1876 seniori
441 1836 494 1876 de
512 1835 679 1889 Ripon',
702 1836 937 1889 capellano,
958 1835 1202 1877 haeredibus
1225 1841 1270 1877 et
1291 1838 1520 1891 assignatis
1544 1838 1644 1888 suis,

110 1904 254 1940 totum
270 1899 344 1954 jus
367 1903 412 1939 et
433 1899 646 1940 clameum
668 1914 815 1939 meum
847 1900 960 1953 quod
982 1914 1197 1953 uncquam
1229 1899 1374 1952 habui,
1397 1900 1546 1951 habeo,
1569 1915 1646 1942 seu

109 1964 254 2018 aliquo
275 1965 400 2004 modo
423 1964 475 2004 de
497 1968 649 2004 caetero
671 1963 829 2004 habere
852 1969 1000 2019 potero
1023 1965 1067 2004 in
1089 1965 1176 2005 illis
1197 1965 1338 2005 tribus
1361 1966 1475 2006 rodis
1508 1970 1554 2006 et
1580 1966 1646 2006 (11-

111 2029 245 2069 midia
259 2033 384 2069 terrae
405 2032 450 2069 et
470 2029 582 2082 prati
604 2043 704 2068 cum
729 2030 817 2069 suis
840 2030 1136 2083 pertinenciis,
1153 2029 1402 2083 jacentibus
1423 2031 1469 2069 in
1493 2044 1644 2084 campo

112 2092 264 2146 Ripon'
285 2093 331 2132 in
353 2092 532 2132 diversis
554 2092 670 2142 locis,
687 2107 782 2146 quae
804 2093 1034 2146 praedictus
1057 2092 1085 2133 J
1088 2091 1278 2133 ohannes
1295 2094 1348 2133 de
1367 2093 1495 2147 Clynt
1515 2092 1647 2134 habet

111 2171 163 2196 ex
184 2157 294 2197 dono
316 2160 361 2196 et
381 2157 657 2196 concessione
679 2170 775 2197 mea
798 2157 1035 2197 secundum
1056 2161 1252 2197 tenorem
1274 2157 1498 2211 cujusdam
1520 2162 1646 2198 eartae

111 2234 218 2260 meae
248 2220 350 2260 inde
381 2220 585 2274 praedicto
617 2219 806 2261 Johanni
838 2221 1027 2274 plenarie
1059 2220 1197 2271 factae,
1220 2226 1347 2274 prout
1369 2235 1454 2261 una
1475 2222 1577 2261 roda
1599 2226 1645 2262 et

111 2284 289 2324 dimidia
319 2287 445 2324 terrae
466 2299 566 2324 cum
589 2285 674 2324 suis
702 2285 981 2338 pertinenciis
1012 2285 1191 2324 insimul
1207 2285 1355 2338 jacent
1376 2299 1506 2338 prope
1529 2285 1645 2325 Ran-

111 2347 279 2399 dekerr‚
292 2349 406 2389 inter
419 2353 577 2389 terram
598 2348 813 2402 quondam
827 2348 855 2389 J
857 2347 1038 2388 ohannis
1057 2348 1255 2389 Colstane
1271 2363 1321 2389 ex
1338 2353 1458 2402 parte
1480 2349 1644 2400 boriali,

112 2415 157 2452 et
178 2415 336 2452 terram
358 2413 385 2453 J
388 2412 568 2453 ohannis
590 2412 796 2453 Euerwak
818 2427 869 2453 ex
890 2416 1012 2466 parte
1034 2413 1224 2464 australi,
1240 2416 1285 2453 et
1300 2413 1500 2454 abbuttat
1519 2427 1646 2467 super

111 2479 270 2516 terram
300 2477 494 2529 praedicti
524 2475 734 2518 ,Iohannis
766 2476 973 2516 Euerwak
1003 2491 1152 2517 versus
1181 2477 1462 2528 occidentem,
1484 2482 1529 2518 et
1559 2491 1646 2517 una

112 2539 292 2580 dimidia
319 2554 414 2580 acra
439 2541 550 2593 prati
582 2554 681 2580 cum
721 2541 808 2580 suis
839 2541 1135 2593 pertinenciis,
1163 2541 1277 2595 quod
1314 2542 1530 2594 quondam
1560 2542 1645 2582 fuit

111 2602 283 2643 Ricardi
313 2604 366 2644 de
399 2604 511 2645 Stow
532 2603 710 2643 insimul
736 2604 884 2657 jacent
915 2609 1021 2658 aput
1050 2605 1307 2658 Hayllekeld
1324 2604 1451 2658 juxta
1472 2609 1644 2658 pratum

110 2667 303 2718 praedicti
343 2666 553 2708 Johannis
595 2668 648 2707 de
686 2667 814 2721 Clynt
850 2682 902 2708 ex
933 2673 1053 2722 parte
1090 2668 1280 2708 australi.
1344 2669 1411 2708 Ita
1445 2669 1645 2709 videlicet

110 2730 223 2781 quod
244 2744 321 2770 nec
344 2744 424 2785 ego
445 2731 676 2784 praedictus
706 2731 925 2772 ,Iohannes
957 2733 1009 2772 de
1032 2732 1212 2772 Tanfeld
1235 2746 1312 2772 nec
1344 2731 1534 2773 haeredes
1557 2734 1643 2773 mei

112 2806 190 2833 nec
212 2793 366 2847 aliquis
388 2809 463 2848 pro
484 2809 554 2835 me
578 2809 653 2835 seu
674 2797 848 2836 nomine
871 2810 981 2845 meo,
1003 2796 1164 2850 aliquid
1191 2795 1302 2850 juris
1325 2796 1391 2836 vel
1414 2796 1565 2837 clamei
1598 2797 1640 2837 in

594 2874 650 2918 (l)
680 2873 754 2908 MS.
775 2874 837 2909 has
855 2876 865 2892 ‘
879 2874 1043 2909 effectum
1062 2874 1164 2909 inde.v

1787 101 1880 149 187

1682 331 1727 359 15.

1681 385 1835 422 Appoint-

1680 427 1766 453 ment
1781 426 1816 453 os

1681 468 1825 502 attonis-y

1681 506 1713 531 to
1729 504 1802 540 give

1680 543 1863 579 possession.

1679 1292 1764 1330 Aug.
1781 1295 1827 1330 20,

1679 1340 1746 1362 ΑᾸ).
1764 1334 1848 1362 1390.

1680 1590 1716 1618 16
1734 1587 1761 1620 b.

1679 1645 1867 1680 Quit-claim

1679 1685 1715 1713 of
1727 1685 1831 1722 rights

1680 1725 1712 1753 in
1728 1725 1832 1754 divers

1680 1764 1779 1800 lands,
1797 1764 1841 1801 by

1680 1803 1762 1832 John
1779 1803 1816 1832 de

1679 1842 1812 1871 Tanfeld
1828 1845 1860 1871 to

1680 1881 1765 1910 John
1780 1882 1819 1911 de

1679 1920 1786 1959 Clynt,

1679 1960 1835 1998 chaplain.
