1935 3151
98 171 190 215 306

95 301 140 329 for
156 301 221 330 this

98 341 186 376 pinus
201 347 262 375 act,

96 380 132 407 hc
149 380 174 407 is
189 384 220 408 to
237 381 272 408 be

95 419 232 447 vxoused

94 457 260 487 res-idonce.

92 1034 271 1066 visitati-»m

89 1119 203 1149 Names
218 1119 250 1148 of

90 1160 175 1188 those

90 1203 217 1235 present.

87 1713 186 1742 Thosc

89 1754 195 1781 absent

89 1792 283 1829 prononnccul

89 1836 156 1859 cont
165 1840 248 1859 uma-

89 1871 181 1899 cinus.

95 2097 152 2125 {³111
171 2098 214 2125 fur

95 2138 202 2164 ruins-d

94 2176 254 2211 prebenda.

96 2346 236 2383 (innutry

101 2386 210 2421 priests
227 2390 258 2412 ῒσι

99 2424 187 2451 make
210 2424 251 2451 iu-

100 2463 260 2491 venturus.

102 2665 243 2701 (Ὶιηηίιχν

105 2704 212 2739 priests
227 2705 285 2731 und

106 2751 203 2768 vicar-⁴

102 2781 196 2808 cited.

108 2851 298 2879 inventurn-.-

104 2890 218 2918 shown.

809 181 839 213 M
851 181 1082 213 EMORIALS
1117 181 1175 213 OF
1211 181 1257 214 R!
1266 182 1303 213 P(
1312 181 1369 213 )N.

328 294 533 347 magistro
583 294 860 334 B‘Iarlnaduco
912 293 1092 346 Bradley
1134 292 1579 346 recompensacionem
1631 293 1721 330 tam
1773 293 1853 345 piae

327 363 500 411 tamque
542 359 706 399 devota}
740 357 1049 398 benevolentiae
1083 361 1127 396 et
1161 357 1459 406 concessionis,
1502 355 1614 408 quod
1646 356 1738 408 ipse
1780 369 1854 409 per

326 427 496 477 tempus
531 424 780 477 praedictum
816 422 967 462 saltem
999 435 1074 475 per
1105 426 1172 461 tot
1205 425 1378 475 tempus
1411 434 1495 474 quo
1526 421 1743 473 promittit
1773 420 1854 461 hu-

320 487 510 540 jusmodi
531 488 811 528 dividentiam
833 487 980 526 cedere
1013 486 1065 526 ad
1087 500 1215 526 usum
1237 487 1490 540 praedictum
1515 488 1561 524 et
1587 485 1785 538 persolvi,
1808 489 1853 525 et

324 566 348 591 a
386 566 460 591 sua
500 552 729 592 residentia
772 550 1004 590 canonicali
1044 549 1240 590 facienda
1281 564 1448 590 exnunc
1489 549 1683 589 totaliter
1719 552 1764 589 et
1798 550 1852 590 ad

326 629 446 655 suam
478 616 743 655 voluntatem
775 618 819 654 et
850 628 925 668 per
955 614 1276 668 beneplacitum
1307 617 1561 655 exoneretur
1588 626 1636 652 ac
1666 612 1774 653 liber
1795 614 1852 653 sit.

325 686 365 719 et
390 681 607 729 immunis,
630 682 832 732 praeterea
864 679 976 731 quod
999 679 1185 718 officium
1216 679 1493 719 Praesidentis
1515 677 1694 731 capituli
1715 679 1851 718 nostri

324 745 515 798 przedicti
537 743 705 783 tenebit
728 747 772 782 et
795 742 1046 794 excercebit,
1068 742 1331 797 habebitque
1362 757 1438 797 per
1463 743 1580 783 idem
1600 745 1774 796 tempus
1807 746 1853 783 et

323 808 557 847 excercehit
591 807 766 847 totalem
793 806 1145 859 jurisdiccionem
1176 808 1356 861 capituli
1390 806 1525 847 nostri
1566 806 1775 860 praedicti,
1807 810 1852 846 et

321 872 556 924 proficuum
597 871 697 911 inde
733 871 984 923 proveniens
1026 871 1079 911 ad
1122 886 1248 912 suum
1290 885 1434 923 usum,
1477 870 1764 921 commodum,
1806 875 1851 911 et

321 935 572 976 utilitatem.

741 1042 848 1072 ACTA
870 1043 915 1072 IN
937 1044 1117 1077 QUADAM
1139 1045 1425 1075 VISITACIONE.

319 1113 560 1154 Willelmus
583 1114 701 1154 Glew
1069 1114 1356 1156 Christoforus
1379 1116 1510 1168 Batty
1618 1141 1785 1183 Choris-

318 1178 522 1218 Ricardus
544 1178 709 1218 Ricroft
831 1142 987 1247 {hmils
1069 1178 1355 1220 Christoforus
1376 1179 1552 1218 Watson
1615 1210 1631 1246 t
1687 1207 1712 1215 ..

318 1242 528 1282 Radulfus
550 1243 726 1282 XVatson
860 1222 935 1248 ura
954 1223 998 1259 u'
1066 1243 1094 1284 J
1097 1243 1285 1284 ohannes
1306 1243 1519 1284 Atkinson
1632 1220 1730 1257 aru’

331 1305 391 1344 τι
570 1307 604 1346 Β
672 1311 686 1346 t
730 1321 738 1328 -
828 1285 971 1324 perso'
1064 1308 1116 1348 R·
1192 1308 1218 1347 d
1292 1308 1345 1346 W
1395 1308 1469 1347 dro
1616 1285 1758 1343 ΡΘΥῗΟ·

693 1321 732 1347 ffl
1471 1321 1528 1360 pp

339 1398 367 1409 ,⁷
551 1389 567 1410 s
627 1385 762 1411 owson
1102 1386 1205 1412 eone
1241 1386 1290 1412 us
1355 1384 1488 1412 eison

318 1473 525 1512 Dominus
548 1473 793 1527 Radolphus
816 1475 1036 1529 Sigswick‚
1061 1475 1340 1526 Camerarius,

318 1536 525 1576 Dominus
547 1536 728 1578 Thomas
752 1539 1008 1592 Blackbury,
1032 1538 1430 1589 Subthesaurarius9
1473 1474 1738 1645 }Officiarii.

317 1600 524 1640 Dominus
546 1601 572 1641 J
577 1600 764 1642 ohannes
787 1603 1020 1657 Percyvall,
1045 1603 1233 1644 Clericus
1255 1602 1459 1654 Fabricae,

318 1701 480 1748 Quibus
522 1703 718 1754 peractis,
751 1704 947 1743 dominus
989 1703 1313 1745 Commissarius
1357 1705 1658 1757 pronunciavit
1698 1717 1846 1744 omnes

316 1765 511 1804 absentes
533 1771 804 1807 contumaces
826 1768 869 1807 in
892 1767 1137 1821 hujusmodi
1160 1769 1332 1822 negotio
1364 1772 1409 1808 et
1437 1769 1482 1808 in
1505 1782 1674 1822 poenam
1696 1772 1847 1808 contu-

318 1830 550 1868 maciarum
574 1844 745 1870 suarum
769 1830 1016 1885 hujusmodi
1045 1832 1237 1872 decrevit
1269 1846 1340 1872 eos
1372 1836 1416 1872 et
1439 1846 1585 1874 eorum
1607 1832 1846 1886 quemlibet

319 1892 405 1932 fore
446 1894 728 1945 mulctandos,
772 1899 817 1935 et
857 1896 910 1935 ad
944 1896 1128 1936 ulterius
1163 1896 1479 1949 expediendum
1512 1897 1559 1936 in
1596 1895 1846 1950 hujusmodi

321 1957 579 1997 visitacionis
602 1960 791 2012 negotio,
807 1973 952 1999 eorum
969 1960 1163 2000 absentia
1180 1964 1221 2000 et
1241 1961 1508 2000 contumacia
1528 1974 1612 2000 non
1635 1961 1846 2000 obstante.

320 2020 481 2066 Quibus
513 2023 708 2073 peractis,
730 2023 930 2063 dominus
961 2023 1180 2064 Johannes
1211 2024 1446 2078 Percyvall,
1478 2024 1688 2064 Radulfus
1711 2024 1846 2078 Sigis-

319 2083 439 2134 wick,
465 2090 504 2124 et
545 2084 727 2125 Thomas
765 2087 1004 2141 Blackbury
1031 2087 1321 2129 exhibuerunt
1357 2089 1504 2129 biliam
1542 2102 1668 2142 super
1700 2089 1846 2128 ruinas

321 2148 640 2200 przcbcndarum
682 2150 733 2190 de
772 2150 940 2191 Sharow
982 2157 1025 2192 et
1068 2152 1262 2207 Studley,
1305 2156 1349 2193 et
1381 2167 1456 2207 pro
1489 2157 1650 2207 quanta
1682 2165 1848 2192 summa

321 2210 563 2264 hujusmodi
597 2215 868 2255 ruinositates
900 2221 1104 2269 poterunt
1136 2219 1332 2271 reparari.
1395 2218 1498 2266 Quae
1520 2218 1622 2258 billa
1651 2220 1845 2257 remanet

324 2275 436 2328 apud
470 2277 573 2316 Acta
616 2291 761 2318 eorum
802 2280 997 2319 manibus
1040 2281 1292 2335 subscripta.
1355 2282 1446 2330 Quo
1482 2281 1610 2331 facto,
1645 2281 1845 2321 dominus

323 2341 486 2378 monuit
513 2354 658 2380 omncs
690 2344 941 2384 cantaristas
972 2345 1025 2384 ad
1057 2346 1369 2385 conficiendum
1391 2346 1680 2385 inventarium
1702 2345 1846 2385 domo-

326 2415 417 2440 rum
443 2407 481 2441 ct
517 2410 863 2446 ornamentorum
896 2411 1181 2449 cantariarum
1215 2424 1402 2459 suarum,
1426 2415 1470 2450 et
1500 2408 1593 2465 (ut)
1615 2408 1847 2449 exhibeant

326 2466 433 2504 citra
454 2465 597 2505 horam
621 2469 798 2509 terciam
822 2475 916 2523 post
947 2474 1170 2513 meridiem
1204 2474 1329 2514 istius
1351 2474 1452 2514 diei.
1513 2474 1570 2513 Et
1591 2473 1847 2513 continuant

326 2543 372 2567 ac
391 2535 613 2583 prorogcnt
639 2530 882 2585 hujusmodi
908 2537 1170 2577 visitacionis
1193 2538 1419 2592 negocium
1441 2539 1486 2577 in
1508 2536 1655 2577 horam
1669 2537 1846 2577 terciam

328 2597 421 2645 post
443 2594 662 2634 meridiem
687 2596 810 2635 istius
832 2598 931 2639 dici.
964 2601 1021 2640 Et
1042 2603 1211 2641 monuit
1227 2615 1372 2642 omnes
1390 2605 1435 2642 et
1449 2602 1637 2655 singulos
1654 2600 1847 2654 ejusdem

329 2656 514 2695 cocles-izv
543 2659 761 2699 ministros
797 2661 849 2700 ad
884 2666 987 2703 tunc
1023 2665 1353 2706 interessendos.
1416 2666 1509 2714 Qua
1542 2664 1644 2705 hora
1677 2665 1723 2703 in
1757 2664 1848 2703 loco

330 2720 529 2770 pur-dicto
569 2736 707 2762 coram
749 2726 952 2778 magistro
991 2728 1175 2769 Roberto
1216 2730 1364 2770 Davell
1397 2729 1694 2771 Commissario
1733 2741 1846 2767 com-

331 2790 553 2832 paruerunt
595 2799 741 2825 omnes
783 2791 1021 2830 cantaristae
1055 2796 1101 2832 ct
1137 2794 1294 2834 vicarii.
1356 2794 1413 2834 Et
1446 2793 1571 2833 dictae
1606 2792 1848 2832 cantaristae

330 2844 610 2887 exhilmvrunt
637 2850 923 2892 inventarium
946 2855 998 2894 (le
1021 2858 1281 2897 ornamentis
1310 2857 1361 2897 ad
1394 2871 1540 2897 eorum
1571 2857 1721 2896 altaria
1751 2868 1847 2908 per-

331 2909 567 2949 tim-nribus
599 2927 692 2964 qua*
719 2922 938 2956 rcmaucnt
968 2919 1010 2957 in
1044 2921 1232 2973 capitulo
1264 2922 1450 2961 ecclosisn
1482 2921 1716 2975 collegiatae
1741 2933 1846 2973 prae-
