1935 3151
593 176 819 211 ORIGINAL
856 176 1011 210 DOCUM
1021 176 1144 208 ENTS.

106 304 180 344 per
215 289 397 343 aequales
429 290 661 343 porciones,
724 290 781 330 Et
822 290 856 329 si
898 289 1122 342 contingat
1162 287 1414 341 praedictum
1447 297 1638 326 annuum

106 354 324 394 redditum
347 368 418 393 sex
442 354 674 394 solidorum
697 358 741 394 ct
762 358 858 394 octo
879 354 1152 393 denariorum
1173 366 1198 391 a
1215 355 1328 391 retro
1346 365 1437 390 esse
1452 351 1496 389 in
1520 353 1640 402 parte

108 418 175 457 vel
199 418 242 457 in
265 421 357 457 toto
378 418 428 457 ad
451 418 639 472 aliquem
671 419 908 458 terminum
940 431 1023 471 quo
1056 417 1160 457 solvi
1193 416 1347 455 debeat
1379 427 1452 467 per
1484 412 1641 467 viginti

108 482 200 521 dies
243 482 277 521 si
311 485 499 534 petatur,
541 483 654 535 quod
693 486 848 522 extunc
891 481 1000 521 bene
1044 481 1168 520 liceat
1209 479 1397 532 praefatis
1438 476 1641 524 Johanni‚

110 545 307 595 Ricardo,
329 545 531 596 Johanni,
554 545 756 596 Johanni,
779 546 979 595 Roberto,
1003 549 1047 585 et
1078 543 1281 595 Johanni,
1305 542 1484 590 vicariis,
1506 539 1641 579 haere-

109 609 236 649 dibus
273 613 319 649 et
354 610 583 664 assignatis
621 611 722 661 suis,
759 610 804 649 in
839 610 1052 662 praedictis
1094 612 1278 662 quatuor
1318 605 1513 661 shoppys
1543 618 1643 644 cum

109 673 308 713 omnibus
331 675 417 714 suis
438 675 715 727 pertinenciis
737 674 1011 728 distringere,
1035 677 1079 713 et
1107 672 1401 712 districciones
1433 670 1642 710 abducere

110 742 155 777 et
176 742 389 791 asportare
411 752 632 791 quousque
654 739 706 778 de
728 738 930 791 praedicto
959 751 1101 776 annuo
1133 737 1306 776 redditu
1329 740 1371 775 et
1404 734 1644 788 arreragiis,

111 802 145 841 si
177 815 271 855 quae
292 801 470 852 fuerint,
491 802 680 855 plenarie
701 802 834 842 fuerit
867 801 1146 841 satisfactum.
1208 801 1265 840 Et
1297 813 1377 853 ego
1409 812 1507 838 vero
1539 811 1645 850 prae-

109 866 251 906 dictus
283 865 502 907 Johannes
526 867 560 905 F
564 866 719 919 rankys
752 870 794 906 et
826 865 1016 905 haeredes
1047 866 1133 904 mei
1166 865 1419 918 praedictum
1450 875 1644 901 annuum

109 930 327 970 redditum
350 944 422 969 sex
445 931 676 970 solidorum
698 935 743 970 et
771 934 865 970 octo
897 930 1167 969 denariorum
1196 928 1412 982 praedictis
1441 925 1645 975 Johanni,

111 994 304 1043 Ricardo,
336 993 540 1044 Johanni,
571 993 774 1044 Johanni,
801 994 1004 1044 Roberto,
1026 997 1072 1033 et
1102 992 1304 1042 Jolianni,
1327 990 1568 1031 haeredibus
1601 994 1646 1029 et

110 1059 338 1112 assignatis
368 1059 469 1108 suis,
492 1062 638 1098 contra
669 1073 817 1098 omnes
843 1062 997 1113 gentes
1019 1057 1386 1096 warantizabimus
1419 1059 1463 1094 et
1488 1055 1647 1107 imper-

111 1126 294 1176 petuum
316 1122 612 1162 defendemus.
675 1123 727 1162 In
748 1122 871 1176 cujus
894 1123 954 1161 rei
981 1121 1280 1161 testimonium
1312 1119 1413 1158 huic
1445 1118 1645 1171 praesenti

111 1190 237 1226 cartae
258 1200 364 1226 meze
387 1187 578 1240 sigillum
599 1201 744 1226 meum
766 1187 958 1240 apposui.
1022 1186 1119 1225 Hiis
1148 1185 1348 1234 testibus,
1370 1184 1543 1223 domino
1572 1182 1646 1222 Jo-

111 1249 253 1290 hanne
285 1251 337 1290 de
370 1251 503 1300 Dene,
525 1252 727 1290 canonico
756 1251 945 1290 ecclesiae
967 1249 1202 1303 collegiatae
1235 1247 1401 1301 Ripon',
1428 1246 1646 1285 willelmo

110 1315 162 1355 de
195 1314 331 1354 Ledes
363 1315 415 1354 de
448 1315 614 1368 Ripon’‚
646 1313 810 1354 Thoma
840 1315 893 1354 de
925 1313 1184 1366 Gaydforde,
1216 1311 1380 1352 Thoma
1411 1311 1463 1350 de
1497 1310 1646 1360 Swale,

110 1379 292 1419 Ricardo
314 1379 367 1418 de
389 1377 646 1428 Richmond,
669 1383 714 1418 et
735 1378 845 1418 aliis.

198 1444 297 1483 Dat.
331 1443 445 1496 apud
479 1442 646 1496 Ripon’,
680 1443 750 1482 die
784 1442 990 1482 Mercurii
1025 1455 1142 1494 prox.
1178 1444 1275 1494 post
1304 1439 1464 1479 festum
1498 1439 1644 1479 Sancti

110 1506 288 1547 Mathaei
329 1507 535 1560 Apostoli,
566 1507 690 1547 Anno
726 1507 902 1546 Domini
939 1505 1174 1545 Millesimo
1215 1508 1333 1544 cccm⁰
1365 1503 1644 1557 nonogesimo

110 1585 238 1611 nono.

201 1694 356 1735 Obitus
398 1694 597 1749 Magistri
640 1694 818 1733 Henrici
853 1693 1038 1743 Bowete,
1075 1692 1289 1746 quondam
1327 1690 1643 1744 Archiepiscopi

112 1758 250 1808 Ebor',
273 1758 348 1797 fiat
377 1759 578 1797 vicesimo
603 1758 673 1797 die
703 1758 863 1797 mensis
886 1757 1095 1807 Octobris,
1117 1770 1192 1810 pro
1224 1770 1307 1808 quo
1333 1754 1580 1794 habuerunt
1602 1754 1640 1807 vj

112 1823 256 1862 vicarii
279 1823 411 1861 situm
434 1823 666 1861 mansionis
689 1836 775 1861 suae
797 1822 841 1860 in
864 1821 903 1860 le
926 1821 1047 1860 Nova
1072 1821 1281 1868 Bederna,
1305 1823 1349 1858 et
1380 1833 1454 1872 pro
1484 1818 1642 1872 majore

111 1892 232 1938 parte
268 1885 563 1938 (aedificavit)¹
595 1886 925 1925 aedificacionem
956 1884 1150 1938 ejusdem
1182 1883 1373 1922 faciendo
1396 1882 1576 1931 obitum,
1600 1888 1645 1922 et

110 1950 171 1989 nil
194 1950 270 1989 sol.
293 1954 413 1989 extra
433 1950 516 1988 nisi
538 1949 790 1998 voluntarie,
812 1949 926 1988 unde
948 1953 1109 1988 cartam
1131 1947 1293 1987 habent
1313 1947 1584 2000 registratam
1599 1952 1645 1986 et

111 2027 186 2065 per
226 2013 465 2067 capitulum
503 2013 628 2053 Ebor'
662 2013 972 2062 confirmatam,
1007 2016 1056 2052 ut
1091 2025 1218 2065 supra
1257 2011 1303 2050 in
1344 2011 1547 2063 praesenti
1579 2025 1643 2050 re-

109 2078 277 2132 gistro.²

201 2200 355 2241 Obitus
389 2199 584 2240 Nicholai
621 2201 719 2240 Dall
752 2204 796 2240 et
825 2200 1018 2240 Matildae
1045 2199 1187 2239 uxoris
1217 2198 1309 2252 ejus
1339 2199 1411 2238 fiat
1442 2198 1643 2237 vicesimo

111 2265 294 2317 septimo
330 2265 399 2305 die
434 2265 643 2316 Octobris,
677 2279 751 2318 pro
777 2279 861 2318 quo
895 2263 1058 2304 habent
1085 2263 1124 2317 vj
1166 2264 1310 2302 vicarii
1348 2276 1484 2301 unum
1522 2266 1644 2301 tene-

112 2332 309 2368 mentum
351 2329 396 2367 in
437 2330 681 2383 Annesgate
724 2342 849 2381 super
891 2326 927 2367 le
962 2326 1140 2374 δον-νων,
1176 2326 1301 2380 juxta
1343 2329 1644 2365 tenementum

112 2392 320 2431 Willelmi
357 2391 592 2441 Thornton,
626 2393 752 2432 modo
788 2392 973 2430 divisum
1008 2392 1053 2430 in
1095 2391 1180 2430 duo
1211 2390 1377 2443 cotagia
1410 2390 1455 2428 in
1489 2393 1645 2429 tenura

112 2454 323 2496 Johannis
346 2456 477 2506 Cuke,
500 2458 615 2496 unde
647 2457 720 2496 sol.
743 2457 966 2496 annuatim
999 2455 1289 2509 praebendario
1321 2454 1559 2507 praebendae
1591 2454 1644 2493 (le

114 2519 339 2573 Nunwyke
356 2520 427 2574 viij
447 2521 504 2570 d.,
528 2525 571 2560 et
595 2521 780 2560 sacristae
802 2519 992 2572 pulsanti
1016 2519 1060 2573 iij
1086 2532 1327 2572 campanas,
1351 2517 1395 2571 iij
1419 2518 1476 2567 d.,
1499 2523 1539 2557 et
1563 2516 1646 2557 bel-

113 2584 256 2638 manj
277 2584 334 2634 d.,
352 2588 396 2624 et
413 2585 582 2637 quando
603 2585 817 2637 integram
842 2583 1008 2622 firmam
1029 2583 1275 2637 percipiunt
1296 2583 1389 2622 dns.
1413 2580 1511 2634 (sic)
1529 2581 1584 2634 xij
1604 2582 1645 2622 d.

792 2703 966 2747 (Lxrx.)

204 2776 349 2816 Sciant
380 2783 609 2829 praesentes
641 2781 684 2816 et
716 2776 852 2816 futuri
884 2776 995 2830 quod
1029 2790 1107 2830 ego
1139 2774 1371 2814 Nicliolaus
1402 2775 1454 2814 de
1476 2775 1571 2814 Dall
1594 2775 1647 2815 de

116 2838 280 2891 Ripon’,
318 2841 431 2891 dedi,
457 2841 660 2890 concessi,
694 2846 735 2881 et
771 2840 849 2880 hac
884 2841 1082 2894 praesenti
1120 2847 1236 2879 carta
1274 2853 1366 2878 mea
1401 2840 1646 2879 confirmavi

212 2925 268 2967 (ll
298 2925 556 2959 Underdotted.
711 2928 767 2967 (25
796 2926 870 2959 ‘she
891 2926 1041 2971 original
1061 2931 1162 2969 grant
1183 2924 1311 2959 exists:
1337 2938 1392 2958 sev
1411 2936 1442 2970 p.
1464 2925 1542 2959 125.

1778 158 1870 205 140

1677 293 1785 322 Powcr
1801 298 1833 323 to

1676 334 1820 363 disti-aiu.

1683 1193 1721 1222 W
1726 1194 1866 1223 itnesses.

1679 1706 1753 1735 Obit
1771 1707 1803 1735 of

1679 1746 1874 1784 Archbishnp

1683 1785 1798 1818 linwei,

1679 1829 1711 1853 to
1729 1827 1763 1853 be
1782 1826 1858 1862 kept

1678 1866 1747 1893 Oct.
1765 1868 1813 1893 20.

1677 2212 1749 2241 Obil
1768 2213 1802 2240 of

1678 2251 1748 2280 Nic.
1766 2252 1838 2280 Dall

1679 2291 1740 2319 and
1757 2291 1825 2319 Ma-

1679 2330 1769 2365 tilda,
1785 2330 1835 2358 his

1678 2370 1760 2403 wife,
1775 2374 1807 2397 to
1823 2369 1860 2398 be

1678 2409 1753 2445 kept
1769 2418 1807 2437 on

1678 2448 1748 2477 Oct.
1764 2448 1811 2477 ⁴27.

1682 2784 1774 2814 xit-h.
1790 2785 1828 2814 de
1878 2768 1881 2771 ’

1684 2824 1754 2853 Dall
1768 2828 1881 2861 grants

1682 2868 1713 2892 to
1727 2868 1789 2892 two
