1935 3151
696 154 946 189 APPENDIX.

134 280 146 299 ⁵
160 275 359 325 Thomas,
374 275 453 315 Dei
470 275 612 329 gracia
628 274 804 314 Eborac.
821 271 1189 325 Archiepiscopus,
1205 270 1402 311 omnibus
1421 268 1586 309 Sanctae

57 340 258 381 Ecclesiae
299 339 415 389 filiis,
459 338 656 379 salutem.
731 337 884 378 Sciatis
922 349 991 375 me
1032 336 1291 376 concessisse
1332 338 1492 374 terram
1533 331 1585 371 de

56 403 335 446 Suthalrewic
357 408 403 444 et
425 402 724 443 Hafurecrofte
746 400 949 454 hospitali
971 413 1210 454 pauperum
1241 400 1288 438 in
1309 395 1487 451 Rypon’,
1510 407 1585 448 pro

54 482 198 510 amore
220 468 301 507 Dei
324 471 368 507 et
391 468 535 508 Sancti
561 466 763 517 Wilfridi,
785 466 838 505 ad
869 479 1097 505 commune
1130 463 1368 518 proficuum
1392 460 1586 500 omnium

57 531 411 582 Christianorum,
443 535 489 572 et,
518 531 782 584 supradictas
816 530 1003 570 terulas¹
1038 529 1090 569 ab
1124 529 1242 568 omni
1273 524 1586 568 consuetudine

56 597 192 638 clamo
213 597 394 650 quietas.
457 596 711 649 Quicunque
734 594 992 648 pauperibus
1014 594 1108 633 istis
1130 592 1339 632 auxilium
1362 589 1511 630 fecerit
1544 590 1589 628 et

57 661 407 711 misericordiam,
429 660 669 700 misericors
703 660 760 699 sit
792 658 858 698 illi
893 658 1024 708 Deus,
1047 661 1092 697 et
1125 655 1474 697 benediccionem
1507 652 1589 691 Dei

58 730 103 766 et
126 725 273 766 Sancti
294 724 483 764 Wilfridi
504 727 550 764 et.
570 724 705 764 nostri
737 723 914 772 senciat,
937 725 982 761 et
1012 720 1410 761 remuneracionem
1441 718 1487 756 in
1518 717 1588 756 die

51 789 206 844 judicii
229 803 253 829 a
285 789 558 842 praemiorum
596 788 798 842 largitore
830 787 921 826 Deo
956 786 1181 839 percipiat,
1216 785 1367 824 Amen.
1429 782 1590 821 Praeter

58 853 152 905 hoc,
175 853 358 893 concedo
378 856 429 892 ut
450 866 619 892 annona
641 851 981 905 supradictorum
1003 862 1242 903 pauperum
1264 849 1309 887 in
1331 845 1589 886 molendinis

59 918 167 958 meis
189 917 354 957 nullam
376 917 528 957 reddat
549 916 800 956 multuram.
862 913 1042 954 valete!

147 982 420 1035 Inspeximus
452 982 588 1021 eciam
621 983 781 1021 cartam
825 979 1161 1019 confirmacionis
1192 990 1320 1030 quam
1353 975 1590 1015 Turstanus

59 1046 274 1100 quondam
308 1046 434 1086 Ebor.
466 1044 818 1098 Archiepiscopus
855 1043 959 1083 fecit
993 1043 1134 1082 eidem
1168 1040 1383 1094 hospitali,
1424 1039 1470 1078 in
1501 1037 1590 1078 hacc

59 1111 187 1151 verba
205 1126 276 1151 :—

148 1175 426 1225 ‘Turstanus,
463 1174 543 1214 Dei
580 1174 722 1229 gracia
769 1173 944 1213 Eborac.
989 1170 1345 1224 Archiepiscopus
1391 1167 1591 1208 omnibus

61 1239 142 1280 sibi
163 1240 209 1279 in
231 1240 489 1279 Eboracensi
512 1239 701 1278 Ecclesia
722 1238 923 1277 canonice
940 1235 1210 1285 successuris,
1230 1234 1427 1274 salutem.
1489 1232 1529 1271 N
1532 1245 1592 1281 OS,

60 1308 230 1344 auctore
254 1304 358 1354 Deo,
380 1303 547 1343 illibata
568 1316 792 1342 censemus
816 1302 986 1350 servari,
1009 1304 1054 1340 et
1076 1299 1277 1352 praesenti
1308 1296 1471 1337 cartula
1493 1308 1593 1335 con-

61 1368 296 1418 firmamus,
319 1381 367 1408 ea
389 1381 484 1421 quae
506 1367 558 1407 ab
579 1372 843 1407 antecessore
865 1370 1008 1405 nostro
1041 1363 1203 1404 Thoma
1226 1362 1420 1403 Secundo
1451 1359 1594 1413 hospi-

61 1432 141 1473 tali
161 1433 487 1487 peregrinorum
508 1432 560 1472 de
593 1432 777 1485 Rypoun
801 1430 955 1470 collata
977 1433 1093 1479 sunt,
1117 1428 1281 1468 scilicetv
1313 1424 1594 1467 Suthalrewic

64 1500 109 1537 et
130 1496 458 1550 Hauerecropft,
479 1496 647 1550 quietas
679 1496 732 1535 ab
764 1495 882 1535 omni
918 1492 1244 1541 consuetudine,
1267 1493 1310 1530 et
1343 1496 1394 1530 ut
1427 1502 1596 1529 annona

63 1562 258 1616 praedicti
278 1560 504 1615 hospitalis
535 1561 589 1600 ad
626 1560 895 1600 molendinos
927 1557 1122 1612 ejusdem
1156 1556 1269 1596 villae
1292 1556 1384 1595 sine
1405 1554 1595 1594 multura

64 1626 284 1666 moliatur.
327 1626 432 1666 Haec
452 1626 735 1678 imposterum
759 1623 1029 1664 servantibus
1046 1622 1099 1661 sit
1110 1635 1192 1674 pax
1201 1624 1243 1660 et
1263 1619 1389 1659 salus.
1428 1617 1597 1658 Amen.'

153 1690 241 1730 Nos
263 1694 411 1730 autem
432 1689 748 1729 concessionem
770 1692 812 1728 et
836 1686 1207 1727 confirmacionem
1238 1684 1477 1738 praedictas,
1499 1696 1598 1722 nec-

66 1767 151 1794 non
187 1754 520 1803 concessionem,
541 1753 834 1801 donacionem,
866 1750 1251 1799 confirmacionem,
1274 1753 1319 1788 et
1350 1747 1597 1786 warantiam

67 1832 173 1872 quas
195 1818 275 1858 Iuo
296 1818 350 1858 de
372 1818 610 1857 Mortemer
643 1831 717 1870 per
739 1820 899 1856 cartam
922 1828 1043 1855 suam
1074 1813 1176 1853 fecit
1207 1812 1349 1852 eidem
1381 1810 1598 1864 hospitali,

68 1882 122 1923 de
143 1886 256 1923 terra
277 1882 350 1921 illa
382 1882 428 1921 in
459 1881 716 1922 occidentali
752 1885 873 1934 parte
905 1879 984 1919 viae
1006 1891 1152 1917 versus
1184 1875 1483 1928 Asmunderby
1505 1888 1599 1927 quae

69 1950 246 1987 vocatur
282 1946 544 1996 Berleteran,
567 1946 715 1996 libera,
738 1945 901 1998 quieta,
924 1947 968 1983 et
1000 1942 1138 1982 soluta
1172 1941 1225 1980 ab
1257 1940 1374 1978 omni
1407 1939 1599 1979 saeculari

69 2011 260 2061 servicio,
282 2011 327 2050 in
349 2024 500 2065 puram
523 2015 567 2050 et
589 2014 842 2064 perpetuam
865 2008 1156 2048 elemosinam.

158 2074 481 2116 concessionem
516 2075 651 2114 eciam
673 2077 718 2114 et
749 2072 1121 2113 confirmacionem
1157 2082 1262 2122 quas
1297 2067 1517 2109 Galfridus
1548 2067 1601 2107 de

69 2139 245 2189 Larder,
276 2139 492 2192 quondam
523 2139 754 2178 canonicus
786 2135 951 2190 Rypon'
973 2140 1014 2175 et
1053 2139 1196 2174 custos
1232 2133 1370 2186 operis
1407 2130 1602 2184 ejusdem

70 2203 276 2253 ecelesiae,
297 2203 350 2243 de
367 2217 580 2243 concensu
595 2202 774 2256 capituli
791 2202 856 2241 sui
879 2215 952 2254 per
975 2200 1181 2252 scriptum
1201 2211 1327 2237 suum
1344 2195 1603 2236 fecit.eide1u

72 2265 290 2320 hospitali,
311 2267 365 2307 de
386 2267 462 2306 illo
483 2266 593 2307 tofto
615 2280 712 2306 cum
735 2265 933 2305 domibus
955 2264 1068 2317 quod
1086 2267 1149 2302 est
1172 2276 1223 2302 ex
1236 2260 1430 2314 opposito
1451 2259 1602 2299 domus

72 2330 261 2371 Gilberti
293 2331 346 2371 de
382 2331 634 2379 Mortemer,
666 2335 707 2370 et
746 2330 863 2369 ducit
903 2342 926 2367 a
960 2328 1086 2367 domo
1121 2325 1300 2365 Patricii
1338 2323 1604 2377 Carpentarii

73 2408 210 2447 usque
240 2395 292 2435 ad
327 2395 549 2448 antiquam
581 2398 747 2448 portam
769 2393 875 2433 dicti
907 2391 1158 2444 hospitalis3
1190 2389 1430 2429 tenendum
1464 2387 1605 2427 eidem

73 2455 275 2512 hospitali
305 2459 645 2513 imperpetuum.
707 2457 943 2497 Reddendo
964 2455 1066 2495 inde
1089 2454 1318 2494 annuatim
1342 2452 1530 2492 Robcrto
1551 2451 1604 2491 de

74 2520 344 2575 Walret-heye
373 2526 420 2562 et
449 2521 691 2563 haeredibus
723 2522 810 2561 suis
833 2519 1062 2574 procreatis
1084 2532 1136 2559 ex
1167 2518 1301 2557 Elena
1323 2516 1375 2556 de
1411 2515 1607 2567 Skreuyn

75 2598 204 2626 uxore
227 2599 314 2636 sua,
336 2586 563 2627 duodecim
593 2586 804 2635 denarios,
827 2589 871 2624 et
892 2584 1010 2637 operi
1041 2583 1229 2623 eeclesiae
1252 2580 1398 2621 Sancti
1419 2579 1607 2618 wilfridi

76 2647 130 2688 de
152 2648 329 2702 Rypon‘,
350 2650 577 2690 duodecim
599 2650 808 2698 denarios,
830 2662 906 2702 pro
938 2647 1055 2687 omni
1088 2645 1279 2694 servicio,
1303 2643 1540 2692 exaccione,
1563 2647 1604 2681 et

78 2711 302 2753 demanda.

166 2777 453 2818 Donaeionem
504 2780 691 2831 insuper,
743 2777 1074 2823 concessionem,
1127 2772 1512 2819 confirmacionem,
1565 2774 1605 2809 et

80 2841 341 2891 warantiam,
373 2855 479 2895 quas
514 2842 706 2896 Rogerus
738 2841 852 2881 filius
886 2838 1117 2891 Radulphi‚
1150 2849 1327 2876 assensu
1364 2840 1404 2873 et
1437 2848 1607 2873 conces-

675 2915 732 2958 (l)
762 2913 830 2947 For
849 2913 1011 2945 fem-ulus.

809 2977 872 3007 12

1722 137 1814 182 3:33

1621 273 1773 311 ᾹῘαῃίκίνυ

1622 312 1658 341 Η
1658 324 1708 350 ⁰³7¹
1713 313 1722 340 ι’
1724 313 1767 340 {ul
1769 313 1794 340 is

1625 353 1735 380 Sancti

1620 391 1772 419 Johaunis

1621 431 1771 468 Baptista?
1786 431 1821 458 dn

1622 470 1735 508 Ripmz'
1751 471 1786 499 de

1620 510 1780 547 coufirma-

1621 550 1714 578 ciane.

1621 604 1756 634 Chai-ter

1622 645 1743 681 osAbp.

1622 683 1760 712 Thomas
1780 683 1821 712 ll.

1626 1176 1758 1205 Chal-{cr

1625 1227 1642 1243 ο
1649 1217 1661 1243 s
1673 1216 1754 1252 Λὶψ.

1626 1255 1797 1287 'shuts-tan,

1627 1294 1814 1328 contii-mimz

1626 1335 1679 1363 the
1695 1334 1802 1362 above.

1632 1691 1804 1721 Confirma-

1635 1733 1702 1760 tion
1718 1732 1761 1769 by
1779 1732 1834 1759 thc

1634 1772 1745 1800 Crown
1761 1771 1796 1798 os

1634 1811 1687 1839 the
1703 1811 1809 1841 above„

1634 1850 1695 1878 and
1709 1850 1743 1877 of

1634 1894 1742 1925 grants
1757 1889 1791 1916 of

1635 1928 1755 1957 several

1635 1967 1725 1997 henc-

1634 2008 1757 2036 factors.
