1955 3068
106 152 199 199 106

105 289 142 319 In
158 288 278 318 default

102 330 136 358 of
149 329 242 364 heirs,
259 333 290 358 to

103 372 206 397 revert
220 372 252 397 to

103 409 158 436 the
173 407 290 444 Chapol

103 448 138 476 of
157 447 211 476 the
227 447 304 476 13.V.

104 487 150 515 for
166 495 290 522 misses,

102 529 160 554 etc.

104 928 144 957 W
149 928 285 958 itncsses.

103 1058 184 1088 Nov.
202 1059 248 1088 22.

103 1565 171 1587 Aa).
187 1558 274 1588 1535.

104 1613 216 1652 Henry

103 1653 199 1682 VIII.
214 1656 246 1682 to

104 1692 159 1721 the
175 1693 266 1730 chap-

104 1735 159 1761 ter.

105 1813 206 1843 Claim
224 1818 254 1843 to

103 1863 296 1892 supremacy.

107 2073 260 2103 Intended

821 166 1096 199 MEMORIALS
1131 166 1190 199 OF
1225 166 1382 199 RIPON.

338 275 593 329 haeredibus,
617 281 662 318 et
692 278 921 333 assignatis
955 279 1055 319 suis.
1118 278 1207 319 Sub
1238 278 1315 318 tali
1346 277 1592 318 condicione
1623 279 1735 332 quod
1756 292 1864 333 prae-

337 341 503 382 dictum
524 343 794 397 mesuagium
814 343 984 396 integre
1006 345 1244 383 revertatur
1265 343 1317 382 ad
1334 342 1541 395 capellam
1562 342 1706 383 Beatae
1719 343 1865 383 Mariae

338 405 530 460 Virginis
572 407 618 446 in
661 406 841 446 ecclesia
882 406 1106 461 collegiata
1140 406 1306 460 Rypon'
1340 420 1416 460 pro
1452 407 1594 447 missis
1628 421 1726 446 cum
1765 411 1867 447 nota

337 469 602 510 celebrandis
624 471 669 510 in
692 471 844 511 diebus
874 471 1110 510 Dominicis
1142 474 1188 510 et
1218 471 1387 510 festivis
1419 471 1465 510 in
1486 470 1648 524 capella
1667 471 1868 524 praedieta

337 535 673 588 imperpetuum,
697 536 788 574 sine
810 535 1148 574 contradiccione
1171 535 1471 588 praedictorum
1493 534 1684 585 Roberti‚
1706 533 1867 575 Johan-

339 599 421 648 nis,
443 597 666 650 Johannis,
689 598 757 638 vel
779 599 995 653 Hugonis,
1017 599 1084 638 vel
1115 599 1433 653 assignatorum
1456 612 1642 638 suorum.
1703 598 1761 637 Et
1791 611 1868 637 nos

337 676 436 702 vero
477 663 671 716 praedicti
705 663 926 713 Ricardus,
961 663 1190 714 Robertus,
1224 665 1270 702 et
1304 662 1564 713 VVillelmus,
1601 665 1647 702 et
1678 660 1868 702 haeredes

337 727 487 777 nostri,
509 727 764 780 praedictum
794 728 1068 781 mesuagium
1098 740 1198 767 cum
1230 727 1317 767 suis
1348 727 1628 780 pertinenciis
1659 726 1706 766 in
1730 740 1869 766 scema

337 791 538 844 praedicta
558 794 705 830 contra
736 804 885 830 omnes
917 794 1070 846 gentes
1091 791 1460 830 warantizabimus
1494 794 1538 830 et
1569 789 1867 830 defendemus.

338 855 391 894 In
432 854 557 909 cujus
599 855 661 895 rei
712 856 1012 895 testimonium
1065 855 1206 909 sigilla
1247 855 1440 908 parcium
1487 853 1571 894 hiis
1622 854 1868 894 indenturis

336 918 585 959 alternatim
618 923 720 959 sunt
750 919 958 972 apposita.
1022 919 1119 958 Hiis
1150 919 1351 970 testibus,
1382 918 1602 958 Willelmo
1632 918 1685 957 de
1716 918 1870 968 Ledes,

337 982 556 1023 Willelmo
577 983 630 1024 de
652 982 914 1034 Thorneton,
936 984 964 1024 J
966 982 1132 1023 ohanne
1155 983 1207 1023 de
1231 983 1383 1033 Stowe,
1406 982 1593 1022 Roberto
1615 982 1667 1022 de
1690 981 1868 1021 Halom-

339 1046 464 1098 schir,
482 1047 510 1088 J
512 1046 679 1087 ohanne
702 1048 755 1087 de
777 1047 999 1101 Brygnall,
1021 1051 1065 1087 et
1086 1047 1197 1087 aliis.
1240 1047 1350 1086 Data
1370 1047 1480 1100 apud
1506 1045 1671 1100 Rypon’
1692 1046 1737 1085 in
1759 1045 1870 1085 festo

337 1111 582 1167 (Sanctoe¹)
625 1112 803 1154 Caeciliae
844 1113 1051 1168 Virginis,
1092 1114 1217 1152 Anno
1258 1112 1432 1152 Domini
1472 1111 1702 1152 millesimo
1744 1116 1870 1151 000Ῑηο

335 1177 598 1231 octogesimo
619 1191 745 1217 nono.

426 1239 557 1282 Three
578 1239 723 1291 labels,
746 1239 823 1281 but
843 1253 902 1281 πο
924 1239 1014 1281 scal
1037 1239 1127 1295 left.
1188 1238 1438 1290 Endorsed,
1462 1240 1512 1280 B.
1537 1238 1605 1280 74.

463 1388 584 1422 XXV.
622 1387 794 1423 GRANT
828 1387 890 1423 OF
923 1387 1352 1423 ECOLESIASTIGAL
1385 1386 1748 1422 JURISDICTION.

874 1465 1017 1510 (Rn’on
1044 1465 1228 1500 CHAPTER
1250 1465 1347 1510 MS.)

424 1545 654 1585 HENRICUS
687 1544 889 1595 Octavus,
911 1545 992 1585 Dei
1013 1545 1156 1599 gracia
1176 1545 1342 1599 Angliae
1373 1548 1418 1585 et
1449 1545 1638 1585 Franciae
1660 1558 1745 1595 rex,
1767 1543 1868 1585 fidei

338 1608 550 1660 defensor,
581 1609 780 1649 dominus
814 1609 1049 1659 Hiberniae,
1081 1623 1129 1648 ac
1160 1610 1205 1648 in
1236 1609 1364 1649 terris
1399 1622 1646 1663 supremum
1678 1608 1868 1648 ecclesiae

337 1674 583 1728 Anglicanae
627 1673 706 1713 sub
748 1672 919 1714 Christo
960 1677 1102 1726 caput,
1144 1673 1314 1713 dilectis
1362 1673 1484 1713 nobis
1525 1673 1782 1713 Praesidenti
1820 1675 1869 1713 et

337 1738 525 1792 capitulo
548 1737 739 1777 ecclesiae
761 1737 998 1791 collegiatae
1020 1737 1073 1777 de
1096 1736 1248 1790 Ripon’
1265 1737 1390 1778 Ebor.
1407 1737 1649 1787 dioeceseos,
1669 1737 1866 1776 salutem.

426 1801 533 1842 Cum
565 1801 705 1841 omnis
727 1804 919 1854 potestas
940 1794 1174 1854 'judiciaria
1203 1815 1251 1840 ac
1277 1800 1388 1855 juris
1420 1801 1591 1841 dicendi
1622 1801 1867 1850 auctoritas,

335 1870 465 1919 atque
498 1866 631 1905 etiam
657 1864 916 1919 jurisdictio,
937 1869 1029 1905 tam
1052 1879 1101 1905 ea
1132 1879 1226 1918 quae
1249 1865 1534 1905 ecclesiastica
1555 1865 1714 1904 dicitur
1736 1877 1867 1918 quarn

339 1929 568 1978 saecularis,
589 1942 613 1968 a
633 1929 753 1983 regia
772 1933 985 1982 potestate
1008 1929 1128 1969 velut
1147 1943 1172 1968 a
1204 1943 1401 1982 supremo
1431 1929 1585 1982 capite,
1606 1942 1654 1968 ac
1676 1929 1867 1968 omnium

337 1994 669 2048 magistratuum
692 1992 803 2032 infra
823 2007 1005 2047 regnum
1023 1997 1219 2033 nostrum
1234 1993 1353 2033 fonte
1370 1994 1572 2047 primitus
1591 1992 1868 2041 emanaverit,

337 2056 452 2108 hinc,
484 2057 588 2096 licet
617 2070 693 2095 nos
726 2057 976 2096 universum
1013 2057 1175 2097 clerum
1211 2057 1349 2096 tocius
1382 2058 1505 2112 regni
1537 2056 1672 2096 nostri
1703 2055 1867 2110 Angliae

105 2113 279 2143 visitation.
332 2120 431 2175 jure
473 2124 617 2160 nostro
658 2121 829 2159 visitare
871 2121 1162 2168 intendentes,
1195 2134 1240 2160 ac
1283 2121 1577 2160 visitacionem
1618 2118 1867 2173 hujusmodi

107 2517 173 2547 The
188 2526 281 2546 secre-

108 2559 179 2594 tary
195 2556 306 2586 Crum-

107 2595 174 2624 well
191 2596 242 2624 the

107 2635 212 2671 kiug's
224 2634 305 2664 vice-

105 2677 226 2711 regent.

338 2183 592 2225 inchoantes
618 2188 747 2237 prout
772 2197 919 2223 revera
944 2183 1252 2233 inchoavimus,
1274 2183 1616 2237 archiepiscopis,
1644 2183 1867 2237 episcopis,

338 2248 659 2298 archidiaconis,
683 2253 726 2288 et
751 2248 845 2287 aliis
877 2248 1220 2301 quibuscumque
1253 2248 1540 2288 ecclesiast-ica
1565 2247 1866 2301 jurisdictione

339 2314 418 2353 sub
458 2312 582 2353 nobis
624 2312 735 2352 infra
771 2326 953 2366 regnum
985 2315 1180 2351 nostrum
1218 2311 1516 2366 fungentibus,
1549 2325 1620 2359 ne,
1650 2311 1866 2364 pendente

337 2378 588 2417 visitacione
611 2380 757 2416 nostra
788 2375 1053 2429 hujusmodi,
1076 2389 1125 2415 ea
1155 2390 1248 2429 quae
1282 2379 1383 2415 sunt
1405 2375 1723 2429 jurisdiccionis
1755 2374 1868 2414 infra

338 2442 553 2482 territoria
578 2454 652 2480 sua
674 2440 907 2479 eorundem
930 2440 1167 2493 respective
1190 2440 1344 2493 aliquis
1374 2440 1651 2493 quovismodo
1674 2452 1866 2479 exercere

337 2509 574 2546 attentaret
607 2503 865 2544 inhibemus.
928 2504 1037 2551 Quia
1068 2507 1212 2543 tamen
1244 2504 1513 2557 praedilectus
1542 2504 1662 2542 nobis
1684 2502 1866 2542 Thomas

339 2569 579 2619 Crumwell,
622 2569 870 2608 secretarius
921 2572 1065 2608 noster
1115 2568 1356 2621 primarius,
1402 2582 1449 2607 ac
1490 2567 1727 2607 rotulorum
1779 2567 1867 2605 sive

341 2634 592 2673 scriniorum
614 2636 858 2672 nostrorum
879 2633 1082 2685 magister
1105 2635 1146 2671 et
1169 2635 1309 2671 custos
1332 2635 1492 2681 noster,
1506 2631 1557 2670 ad
1580 2644 1866 2684 quascumque

338 2709 487 2736 causas
518 2695 827 2735 ecclesiasticas
850 2695 1157 2748 vicemgerens,
1180 2695 1361 2735 vicarius
1383 2695 1592 2748 generalis
1615 2697 1660 2733 et
1680 2692 1842 2732 officiali
1851 2706 1867 2729 s

339 2759 586 2814 principalis
627 2760 787 2798 nostris
823 2762 867 2798 et
902 2757 1033 2811 hujus
1067 2759 1189 2812 regni
1218 2759 1352 2798 nostri
1385 2758 1564 2812 Anglizv,
1600 2760 1666 2797 tot
1701 2760 1742 2796 et
1779 2761 1865 2795 tam

340 2824 482 2863 arduis
500 2823 687 2878 negociis
702 2822 961 2877 praepeditus
976 2822 1260 2875 existit,quod
1277 2822 1328 2862 ad
1344 2821 1865 2874 omnemjurisdictioncm

964 2908 1019 2954 (l)
1048 2908 1253 2943 lntcrlined.
