1955 3068
597 127 705 159 ORIG
714 127 822 159 INAL
859 126 1014 159 DOCUM
1024 126 1145 159 ENTS.

194 239 300 278 Acta
323 243 423 278 sunt
444 239 660 292 praedicta,
681 242 809 293 prout.
832 238 1204 292 suprascribuntur
1223 245 1263 278 01
1284 240 1535 288 recitantur,
1559 238 1637 278 sub

105 317 216 343 311110
239 303 410 343 Domini
435 309 475 344 et
500 305 627 359 regis,
650 318 811 354 mense,
833 304 917 354 die,
940 308 983 344 et
1005 304 1096 344 loco
1116 304 1345 358 praedictis,
1407 304 1636 343 Praesenti-

107 366 186 407 bus
208 371 312 407 tunc
334 367 495 408 ibidem
517 369 714 409 discretis
737 369 839 408 viris
861 368 1068 422 magistro
1099 368 1255 408 Briano
1277 369 1451 419 Lewtie,
1473 369 1638 407 notario

106 431 291 484 publico,
333 432 516 472 dominis
558 433 583 473 J
588 432 755 473 ohanne
798 431 1062 486 Lightefote,
1105 433 1334 472 cantarista
1374 433 1420 472 in
1461 431 1640 472 ecclesia

106 495 333 549 collegiata
370 497 587 549 praedicta,
618 497 797 536 Ricardo
826 496 946 546 Bele,
976 496 1194 537 Willelmo
1219 498 1409 547 Awman,
1439 495 1637 537 ,Iohanne

107 558 281 610 Clifton,
304 564 349 600 et
380 561 531 614 Egidio
552 561 766 611 NVebster,
789 561 956 600 vicariis
978 558 1218 601 choralibus
1240 561 1427 615 praefatae
1451 560 1638 600 ecclesiae

105 623 357 678 collegiatae,
376 625 501 665 Ebor.
523 626 734 675 dioecesis,
756 624 942 665 testibus
967 625 1020 664 ad
1042 626 1259 678 praemissa
1279 627 1439 665 vocatis
1461 625 1639 679 special-

106 688 190 727 iter
210 692 339 741 atque
361 691 534 743 rogatis.

194 752 249 791 Et
273 766 352 807 ego
382 753 600 794 Johannes
622 751 812 807 Wright‚
834 753 960 793 Ebor.
984 753 1177 793 dioecesis
1210 754 1401 793 notarius
1426 753 1639 807 publicus,

104 816 205 868 quia
235 817 507 869 praefatarum
540 818 762 857 literarum
793 816 1123 869 apostolicarum
1156 822 1199 857 et
1222 818 1435 857 bullarum
1464 818 1641 871 praedic-

104 884 247 919 tarum
270 879 528 921 exhibicioni
551 888 595 921 et
616 881 956 934 praesentacioni,
978 882 1227 933 caeterisque
1250 882 1480 934 praemissis
1502 881 1642 920 omni-

104 943 183 983 bus
206 948 251 984 et
283 945 464 999 singulis
496 946 601 986 dum
634 946 707 995 sic,
736 948 787 983 ut
818 945 1114 998 praemittitur,
1137 945 1216 985 sub
1247 959 1359 984 anno
1390 945 1564 985 Domini
1597 950 1642 985 et

103 1008 269 1047 domini
299 1010 436 1049 nostri
461 1011 576 1065 regis
598 1009 776 1049 Henrici
799 1009 937 1048 octavi
959 1010 1168 1062 praedicti,
1192 1023 1355 1060 mense,
1377 1009 1461 1060 die,
1483 1014 1528 1049 et
1550 1009 1642 1049 loco

104 1072 335 1125 praedictis,
356 1087 443 1113 una
463 1089 563 1114 cum
594 1073 916 1128 praenominatis
947 1074 1133 1113 testibus
1154 1088 1340 1127 praesens
1362 1074 1643 1127 personaliter

103 1136 299 1187 interfui,
331 1151 463 1192 eaque
495 1139 638 1178 omnia
666 1141 710 1177 et
741 1137 911 1191 singula
943 1138 1002 1177 sic
1034 1138 1126 1178 fieri
1159 1139 1246 1178 vidi
1279 1142 1323 1178 et
1354 1139 1512 1188 audivi,
1544 1138 1642 1178 ideo

103 1199 182 1240 1100
204 1215 390 1254 praesens
412 1203 635 1257 publicum
655 1203 998 1242 instrumentum
1031 1202 1118 1242 sive
1141 1206 1486 1256 transsumptum
1508 1215 1640 1241 manu

102 1279 199 1304 mea
228 1268 399 1320 propria
439 1268 485 1307 in
527 1268 717 1321 quinque
757 1267 1005 1320 pergameni
1046 1266 1161 1306 foliis
1202 1266 1390 1307 fideliter
1432 1267 1641 1319 scriptum

103 1330 256 1369 exinde
279 1331 456 1383 confeci,
479 1331 724 1385 subscripsi,
738 1330 968 1384 publicavi,
986 1334 1029 1370 et
1044 1331 1088 1369 in
1106 1329 1214 1370 hanc
1228 1331 1443 1384 publicam
1460 1331 1641 1370 formam

101 1394 264 1448 redegi,
296 1395 503 1449 signoque
537 1400 581 1436 et·
611 1396 786 1435 nomine
818 1395 926 1434 meis
964 1394 1101 1434 solitis
1136 1399 1180 1434 et
1213 1396 1430 1435 consuetis
1461 1395 1640 1448 signavi,

102 1471 188 1497 una
220 1472 319 1498 cum
354 1461 616 1513 appensione
644 1459 775 1513 sigilli
807 1460 1045 1499 communis
1075 1459 1181 1499 dicti
1214 1459 1393 1512 capituli
1431 1459 1639 1512 Riponiae.

102 1522 155 1560 In
178 1521 308 1562 fidem
331 1527 376 1563 et,
397 1525 699 1564 testimonium
722 1523 917 1563 omnium
939 1527 983 1563 et
1015 1523 1285 1577 singulorum
1307 1524 1639 1576 praemissorum,

100 1587 261 1639 rogatis
284 1590 329 1626 et
350 1589 586 1641 requisitis,
609 1591 690 1628 etc.

220 1650 394 1704 'otary’s
436 1650 565 1692 mark
607 1665 635 1691 a
663 1649 829 1705 fretted
865 1649 1009 1691 device
1045 1664 1104 1691 on
1141 1655 1223 1691 two
1260 1655 1376 1706 steps
1415 1649 1638 1691 inscribed

102 1716 113 1735 ⁶
132 1714 158 1754 J
162 1713 265 1754 ohes
286 1714 490 1770 XVrightss
511 1714 608 1756 and
629 1719 640 1738 ⁶
659 1715 880 1755 Auxilium
901 1729 1047 1755 meum
1069 1729 1093 1755 a
1114 1716 1225 1756 dfio.'

181 1957 265 1997 III.
309 1957 662 1999 DOCUMENTS
705 1958 1001 1998 RELATING
1043 1957 1115 1998 TO
1158 1959 1275 1997 THE
1317 1958 1552 1999 VICARS.¹

101 2068 321 2103 XXXVIII.
353 2069 556 2104 GRANTS
585 2069 646 2103 OF
673 2069 788 2103 TWO
818 2070 1119 2104 MESSUAGES
1148 2070 1245 2104 FOR
1275 2070 1474 2105 VICARS’
1505 2070 1636 2105 RESI-

228 2134 236 2140 '
360 2127 526 2162 DENCE
561 2127 630 2162 BY
663 2127 922 2163 NICHOLAS
956 2128 1023 2162 DE
1056 2128 1373 2163 BONDEGATE.

636 2203 778 2245 (Rn‘ox
805 2202 989 2237 CHAPTER
1015 2203 1111 2247 MS.)

341 2273 531 2316 (Iudmzted
554 2274 701 2318 throuylz
728 2274 829 2307 about
856 2274 1081 2318 twenty-nine
1106 2275 1234 2318 capital
1258 2274 1404 2319 letters.)

190 2342 413 2383 Universis
436 2349 592 2383 sanctae
624 2345 773 2383 matris
805 2345 993 2384 ecclesiae
1016 2345 1116 2383 filiis
1139 2349 1370 2398 praesentes
1392 2345 1559 2385 litteras
1581 2346 1633 2385 ad

101 2406 277 2446 modum
309 2406 559 2461 cyrographi
581 2408 848 2461 dupplicatas
873 2409 1024 2448 visuris
1047 2409 1112 2448 vel
1135 2409 1364 2459 audituris,
1387 2409 1633 2462 Capitulum

102 2469 291 2510 ecclesiae
314 2471 460 2510 Sancti
484 2471 669 2511 wilfridi
702 2472 886 2525 Rypun',
910 2473 1093 2512 salutem
1125 2474 1170 2512 111
1202 2473 1386 2512 Domino
1409 2475 1635 2526 sempiter-

101 2547 215 2573 nam.
277 2534 457 2575 Noverit
478 2536 738 2575 universitas
762 2542 901 2575 vestra
924 2537 1037 2589 quod
1059 2551 1158 2576 cum
1179 2537 1379 2576 dominus
1401 2536 1634 2577 Nicholaus

100 2596 153 2636 de
175 2597 440 2651 Bondegate,
463 2598 725 2651 capellanus,
748 2613 823 2652 pro
852 2600 989 2639 salute
1011 2601 1165 2639 animae
1198 2613 1298 2648 suae,
1321 2605 1564 2652 parentum,
1589 2605 1633 2640 et

103 2664 421 2701 antecessorum
458 2667 499 2702 et
539 2676 827 2702 successorum
863 2678 1049 2714 suorum,
1083 2664 1251 2703 dederit
1293 2667 1335 2703 et
1378 2665 1633 2704 concesserit

103 2724 194 2764 Deo
216 2728 261 2764 et
283 2725 469 2766 ecclesia?
492 2726 658 2780 Rypon’
678 2728 906 2780 praedictae,
928 2742 975 2768 ac
997 2723 1212 2768 canonicis
1234 2728 1324 2767 Deo
1347 2729 1633 2769 servientibus

179 2826 234 2869 (1)
263 2825 335 2860 For
353 2826 580 2873 Archbishop
618 2827 842 2875 Corbridge's=
873 2829 1051 2876 provision
1084 2830 1137 2865 for
1164 2829 1226 2864 the
1254 2829 1379 2872 vicars,
1409 2840 1464 2865 see
1493 2835 1631 2866 extract

42 2900 46 2903 -
105 2876 196 2910 from
214 2877 267 2911 his
287 2879 455 2923 Reyister,
472 2878 600 2914 below.

1780 113 1867 159 119

1674 245 1709 272 W
1717 245 1846 274 itnesses

1673 285 1771 313 101110
1785 289 1869 313 tran-

1671 324 1832 362 scription.

1674 752 1714 780 so,
1731 754 1747 779 5
1763 762 1786 780 v.

1675 790 1826 829 Notary’s

1675 831 1854 860 certificate.

1669 2368 1735 2388 As).
1754 2359 1839 2388 1304.

1669 2415 1804 2447 Chanter

1669 2455 1703 2483 of
1722 2455 1823 2491 Ripon

1669 2502 1832 2523 announce

1668 2538 1761 2566 grant
1782 2533 1826 2569 by

1668 2571 1707 2600 N.
1717 2572 1753 2601 de
1764 2571 1868 2600 Bond-

1668 2620 1707 2649 ga
1712 2614 1741 2640 te
1756 2611 1790 2640 of
