1935 3151
52 160 146 207 230

49 291 238 330 appointing

48 331 115 360 him
131 335 248 361 master

48 371 116 399 sede
131 381 180 400 va-

50 414 144 439 caute.

47 744 114 773 The
135 744 252 774 Sheriff

48 784 84 813 of
101 784 185 813 York
200 785 226 813 is

48 825 81 852 to
103 833 247 853 summon

49 862 133 891 John
149 864 187 892 de

47 901 207 940 Bridling-

49 943 104 970 ton
119 944 151 970 to
164 942 247 970 shew

48 990 140 1009 cause
155 982 230 1019 why

48 1021 87 1048 he
102 1021 214 1049 should

48 1062 105 1088 not
121 1060 157 1088 be
173 1069 218 1089 re-

48 1099 173 1129 moved.

50 1452 100 1482 He
119 1461 248 1491 appears

49 1493 91 1530 by
102 1495 248 1531 attorney

50 1532 112 1560 and
127 1541 200 1570 says

49 1572 120 1600 that
135 1571 174 1600 he

49 1611 139 1639 holds
154 1610 208 1639 the

49 1650 184 1687 hospital
204 1649 249 1687 by

49 1688 195 1717 collation
210 1688 244 1718 of

50 1727 140 1757 Will.
157 1729 195 1758 de

48 1767 180 1804 Melton,

50 1807 114 1835 late
129 1807 227 1835 Arch-

50 1846 160 1884 bishop
176 1846 210 1875 of

50 1885 146 1915 York.

51 2417 135 2446 John
150 2418 188 2446 de

53 2456 193 2492 Limum,
211 2466 250 2486 on

51 2495 160 2524 belmlf
178 2497 210 2525 of

51 2535 106 2563 the
121 2535 208 2572 king,

50 2582 124 2611 says
139 2575 211 2603 that

50 2612 135 2641 John
152 2614 189 2642 116

52 2651 211 2690 Bridling-

52 2693 105 2718 ton
123 2701 187 2720 was

53 2732 194 2759 removed
207 2731 249 2769 by

53 2768 105 2795 the
122 2769 210 2807 king,

53 2807 117 2836 sede
134 2819 180 2837 vct-

765 177 1041 212 MEMORIALs
1076 178 1134 212 OF
1169 178 1327 213 RIPON.

282 287 550 342 Magdalenae
587 289 640 331 de
674 289 854 343 Rypon',
884 293 1121 342 vacantem,
1152 294 1198 331 et
1233 291 1287 330 ad
1317 291 1508 330 nostram
1538 288 1815 331 donacionem

284 355 555 405 spectantem
576 354 744 395 racione
766 353 1167 408 Archiepiscopatus
1189 354 1317 395 Ebor.
1339 353 1528 394 vacantis
1549 356 1595 393 et
1615 354 1662 394 in
1683 367 1816 395 manu

282 419 427 456 nostra
458 418 698 469 existentis,
730 417 978 458 habendum
1009 431 1109 458 cum
1140 419 1229 459 suis
1255 417 1428 472 juribus
1463 420 1508 458 et
1537 418 1816 470 pertinenciis

282 481 608 534 quibuscunque
643 482 696 522 ad
729 486 867 522 totam
900 483 1035 523 vitam
1062 483 1198 536 ipsius
1232 482 1457 523 Johannis.
1517 482 1570 521 In
1597 481 1719 536 cujus
1752 483 1816 522 rei

282 545 583 585 testimonium
604 544 679 586 has
709 546 852 587 literas
881 548 1046 587 nostras
1078 547 1173 587 fieri
1203 546 1380 587 fecimus
1412 548 1627 600 patentes.
1688 546 1815 586 Teste

282 622 351 649 me
373 609 465 662 ipso
486 610 598 662 apud
620 610 1069 662 W'estmonasterium,
1091 625 1119 651 x
1139 610 1209 651 die
1232 610 1258 652 J
1262 610 1354 661 ulii,
1384 623 1495 650 anno
1526 610 1649 664 regni
1679 611 1817 650 nostri

281 672 450 726 Angliae
473 673 773 725 sextodecimo,
795 675 919 728 regni
941 688 1040 714 vero
1061 675 1197 715 nostri
1219 674 1410 715 Franciae
1431 673 1578 714 tercio.

369 737 549 790 Propter
570 739 683 791 quod
704 752 781 792 per
800 738 928 779 breve
951 739 1005 779 de
1027 738 1286 780 Cancellaria
1302 738 1466 779 domini
1482 737 1614 792 Regis
1630 751 1817 791 praecep-

281 803 377 840 tum
394 800 479 841 fuit
493 801 747 842 Vicecomiti
763 802 890 844 Ebor.
908 803 1022 857 quod
1041 803 1144 843 scire
1167 802 1297 843 faciat
1313 802 1340 843 J
1344 801 1501 842 ohanni
1523 802 1577 843 de
1600 802 1818 857 Bridling-

280 863 369 904 ton’
390 864 502 917 quod
525 868 637 905 esset
658 879 797 906 coram
819 866 939 921 Rege
960 866 1013 907 ad
1034 866 1149 907 hunc
1170 867 1298 918 diem,
1321 866 1484 906 scilicet
1510 879 1535 906 a
1566 866 1636 906 die
1671 865 1817 906 Sancti

281 927 505 968 Michaelis
537 929 582 968 in
613 943 668 970 xv
698 929 789 970 dies
821 930 1084 984 ubicumque
1116 934 1198 971 etc,
1227 931 1280 971 ad
1303 929 1634 981 ostendendum,
1657 930 1816 983 siquid

282 1005 357 1046 pro
393 1006 436 1033 se
472 991 652 1033 haberet
687 994 756 1034 vel
792 995 933 1035 dicere
968 996 1110 1044 sciret,
1133 1008 1265 1049 quare
1298 995 1351 1035 ab
1379 993 1582 1047 hospitali
1615 994 1818 1047 praedicto

282 1057 484 1106 amoveri,
508 1059 553 1096 et
572 1058 780 1111 possessio
802 1057 997 1112 ejusdem
1013 1058 1189 1112 praefato
1211 1058 1237 1099 J
1240 1057 1399 1099 ohanni
1420 1058 1461 1098 le
1484 1057 1625 1098 Smale
1646 1057 1818 1097 liberari

281 1133 367 1161 non
390 1121 579 1172 deberet,
595 1121 723 1175 juxta
743 1126 938 1163 tenorem
957 1123 1182 1164 literarum
1203 1123 1520 1177 praedictarum,
1543 1126 1624 1162 etc.

371 1186 429 1225 Et
442 1186 688 1226 Vicecomes
710 1189 948 1228 retornavit
969 1189 1082 1242 quod
1106 1188 1212 1228 scire
1234 1187 1339 1228 fecit
1360 1187 1536 1241 praefato
1558 1186 1586 1227 J
1588 1185 1746 1226 ohanni
1763 1186 1817 1226 de

283 1249 614 1304 Bridelyngton,
646 1252 759 1304 quod
791 1256 904 1292 esset
935 1266 1076 1292 coram
1107 1253 1225 1306 Rege
1255 1253 1310 1293 ad
1331 1252 1447 1292 diem
1476 1251 1523 1291 in
1544 1251 1664 1291 brevi
1685 1250 1817 1304 Regis

282 1318 552 1365 contentum,
576 1317 813 1356 secundum
834 1317 1016 1357 formam
1047 1317 1242 1371 ejusdem
1263 1316 1401 1357 brevis
1423 1329 1498 1370 per
1521 1315 1742 1356 Simonem
1762 1315 1816 1355 de

283 1378 588 1432 Aymondreby
625 1383 671 1419 et
703 1379 947 1420 Johannem
979 1381 1146 1421 Bradan
1177 1381 1229 1421 de
1261 1380 1425 1420 Eluele.
1487 1380 1546 1419 Et
1585 1378 1816 1432 praedictus

283 1443 310 1484 J
313 1442 500 1483 ohannes
522 1444 575 1483 de
598 1444 936 1498 Bridelyngton’,
958 1459 1033 1498 per
1054 1445 1434 1498 praemunicionem
1456 1445 1495 1485 ei
1516 1444 1618 1483 inde
1646 1443 1817 1493 factam,

282 1517 358 1557 per
394 1506 421 1546 J
424 1505 637 1547 ohannem
673 1508 726 1548 de
757 1508 923 1548 wilton
959 1511 1228 1548 attornatum
1265 1521 1393 1548 suum
1428 1507 1562 1547 venit.
1623 1507 1680 1546 Et
1712 1506 1818 1546 dicit

284 1568 397 1621 quod
419 1570 510 1622 ipse
532 1574 655 1610 tenet
686 1570 897 1624 hospitale
928 1572 1183 1625 praedictum
1204 1572 1257 1612 ad
1279 1572 1515 1612 terminum
1537 1570 1637 1610 vitae
1660 1583 1746 1609 suae
1768 1582 1819 1608 ex

283 1632 512 1673 collacione
534 1634 742 1674 willelmi
772 1635 825 1675 de
857 1635 1051 1687 Melton',
1073 1650 1212 1689 nuper
1242 1634 1560 1688 Archiepiscopi
1591 1633 1748 1684 Ebor.,¹
1773 1636 1819 1673 et

283 1698 429 1737 tenuit
468 1700 560 1737 tota
591 1699 679 1738 vita
711 1700 846 1752 ipsius
879 1713 1017 1753 nuper
1049 1699 1384 1753 Archiepiscopi,
1422 1702 1466 1739 et
1501 1701 1599 1752 post
1633 1700 1818 1737 mortem

282 1760 417 1813 ipsius
438 1761 769 1816 Archiepiscopi,
791 1766 884 1803 toto
905 1766 1098 1816 tempore
1120 1778 1203 1817 quo
1231 1763 1483 1816 temporalia
1512 1762 1645 1816 ipsius
1666 1759 1818 1800 Archi-

283 1824 553 1878 episcopatus
585 1826 762 1866 fuerunt
793 1827 839 1866 in
870 1841 1002 1867 manu
1033 1828 1197 1868 domini
1228 1827 1357 1881 Regis
1388 1840 1518 1877 nunc,
1549 1829 1595 1865 et
1624 1826 1682 1865 sic
1710 1825 1819 1864 dicit

283 1889 396 1942 quod
417 1889 509 1942 ipse
533 1893 656 1930 tenet
671 1890 882 1944 hospitale
899 1892 1150 1945 praedictum
1165 1893 1210 1931 in
1226 1891 1326 1946 jure
1341 1891 1549 1931 Willelmi
1566 1890 1627 1929 La
1643 1887 1817 1928 Zouche

282 1966 398 1993 nunc
431 1953 748 2008 Archiepiscopi
780 1956 921 2007 Ebor.,
954 1959 998 1996 et
1029 1956 1136 1996 dicit
1172 1956 1285 2008 quod
1321 1954 1533 2008 hospitale
1564 1953 1818 2008 praedictum

283 2030 369 2056 non
391 2017 476 2058 fuit
498 2032 647 2059 vacans
669 2023 862 2072 tempore
894 2034 978 2073 quo
1009 2020 1262 2073 temporalia
1291 2018 1689 2072 Archiepiscopatus
1712 2029 1818 2070 prae-

284 2080 390 2120 dicti
411 2081 589 2122 fuerunt
610 2083 656 2122 in
677 2097 809 2123 manu
829 2084 963 2137 ipsius
986 2084 1148 2123 domini
1171 2084 1300 2137 Regis
1317 2096 1446 2123 nunc.
1478 2083 1535 2122 Et
1551 2081 1630 2121 hoc
1646 2083 1819 2134 paratus

287 2151 354 2184 est
374 2145 589 2186 verificare
612 2150 693 2187 etc.
718 2148 752 2186 si
774 2147 973 2187 dominus
996 2147 1087 2187 Rex
1119 2146 1197 2187 hoc
1219 2147 1326 2187 velit
1356 2147 1567 2187 dedicere.
1629 2145 1687 2184 Et
1708 2144 1820 2197 petit

280 2208 497 2262 judicium
521 2211 555 2250 si
577 2210 692 2250 idem
713 2211 912 2250 dominus
935 2211 1027 2250 Rex
1047 2211 1189 2264 ipsum
1216 2211 1243 2251 J
1246 2209 1459 2251 ohannem
1481 2210 1534 2250 de
1556 2208 1818 2263 possessione

287 2287 363 2312 sua
384 2272 605 2327 hospitalis
623 2275 815 2327 praedicti
828 2288 903 2328 per
918 2275 1050 2314 talem
1064 2275 1385 2329 suggestionem
1402 2274 1545 2313 minus
1562 2274 1644 2313 rite
1660 2271 1818 2312 factam

287 2337 393 2377 velit
415 2338 631 2390 impetire,
654 2342 735 2379 etc.

376 2401 434 2440 Et
466 2400 685 2442 Johannes
718 2403 770 2442 de
802 2402 1007 2453 Lincoln',
1040 2403 1116 2455 qui
1149 2403 1343 2455 sequitur
1372 2415 1448 2456 pro
1479 2401 1652 2441 domino
1683 2400 1817 2453 Rege,

286 2463 392 2504 dicit
413 2465 526 2517 quod
549 2469 645 2518 post
665 2470 849 2505 mortem
862 2467 1070 2506 willelmi
1085 2467 1138 2506 de
1152 2466 1332 2506 Melton’
1345 2479 1483 2519 nuper
1500 2464 1818 2517 Archiepiscopi

285 2529 411 2569 Ebor.
435 2529 577 2568 omnia
598 2530 862 2582 temporalia,
884 2530 1020 2580 feoda,
1043 2533 1088 2570 et
1108 2530 1408 2570 advocaciones
1430 2528 1817 2582 archiepiscopatus

285 2592 411 2633 Ebor.
447 2592 713 2632 devenerunt
745 2594 791 2632 in
826 2607 1004 2633 manum
1040 2594 1202 2633 domini
1240 2594 1369 2647 Regis
1404 2607 1533 2633 1111116.
1595 2593 1664 2632 Ita
1704 2591 1817 2644 quod

284 2656 484 2696 dominus
507 2657 612 2706 Rex,
634 2657 942 2710 temporalibus
964 2657 1351 2711 archiepiscopatus
1372 2657 1490 2697 illius
1512 2657 1558 2696 in
1589 2669 1719 2695 manu
1742 2668 1818 2695 sua

285 2720 586 2770 existentibus,
607 2721 828 2760 mandavit
849 2722 1197 2761 commissionem
1224 2735 1344 2761 suam
1375 2721 1563 2774 praefatis
1586 2719 1741 2760 Abbati
1773 2721 1818 2758 et

284 2783 378 2823 aliis
413 2784 466 2823 ad
507 2785 813 2838 inquirendum
856 2798 982 2837 super
1024 2785 1262 2825 defectibus
1298 2786 1343 2825 in
1379 2784 1581 2839 hospitali
1613 2784 1816 2838 praedicto

311 2930 332 2962 l
358 2878 413 2922 (1)
440 2878 497 2913 IIe
523 2878 593 2913 had
619 2879 704 2913 been
730 2878 885 2914 collated
909 2878 944 2912 in
973 2878 1076 2921 13:39,
1101 2878 1193 2913 aster
1219 2879 1279 2913 the
1304 2879 1461 2914 removal
1480 2878 1520 2913 of
1540 2889 1606 2914 6116
1631 2876 1813 2913 Sillxeston

286 2929 443 2974 (bt-re).
1051 2937 1054 2940 ’
