1935 3151
580 131 806 164 ORIGINAL
843 129 1133 164 DOCUMENTS.

88 245 216 285 ritate
239 243 406 298 propria
436 242 649 294 absentet,
682 243 755 284 sed
787 243 831 282 in
865 256 913 282 ea
944 242 1225 282 residenciam
1259 242 1385 283 faciat
1416 241 1619 281 continue

88 308 371 362 personalem,
397 310 576 361 excepto
607 308 719 360 quod
751 307 805 347 de
837 307 1016 346 licencia
1048 306 1326 347 Praesidentis
1357 304 1535 358 capituli
1567 303 1620 342 de

87 372 242 426 Ripon’
283 371 490 412 antedicti
521 371 764 425 capellanus
796 370 1043 424 hujusmodi
1074 385 1200 411 causa
1230 370 1433 410 visitandi
1465 369 1621 408 amicos

89 451 198 487 suos,
220 441 294 476 aut
313 437 427 475 intra
447 436 615 490 Angliae
636 449 819 490 regnum
840 435 1156 489 peregrinandi,
1180 449 1255 475 seu
1278 449 1321 475 se
1340 446 1533 474 recreans
1556 432 1621 471 vel

87 501 326 541 necessario
348 499 415 539 vel
433 498 627 550 honeste,
644 500 790 551 semel,
812 499 891 549 bis,
906 499 974 538 vel
995 503 1077 549 ter,
1092 503 1132 539 et
1149 513 1235 539 non
1252 498 1438 552 amplius
1452 498 1496 536 in
1511 509 1623 535 anno

88 578 163 617 per
186 565 367 619 triginta
397 563 488 603 dies
519 563 759 614 dumtaxat,
782 563 911 603 simul
940 567 1015 602 aut
1036 563 1199 603 vicibus
1220 561 1488 616 interpolatis
1509 574 1623 600 com-

88 628 262 679 binatis,
277 632 322 668 et
343 641 429 667 non
452 627 579 678 ultra,
603 642 645 668 se
668 641 692 667 a
713 628 826 667 dicta
841 627 1026 667 cantaria
1045 627 1184 667 valeat
1201 627 1438 675 absentare,
1456 625 1623 678 proviso

87 693 201 746 quod
225 693 259 732 si
281 691 529 745 hujusmodi
547 691 793 745 capellanus
817 691 930 730 ultra
951 695 1047 731 octo
1060 691 1152 730 dies
1166 692 1392 731 continuas
1405 689 1531 740 absit,
1549 702 1622 728 ex-

88 758 230 810 pensis
247 757 428 810 propriis
443 756 731 809 presbiterum
752 755 886 795 alium
908 755 997 794 loco
1017 755 1082 794 sui
1096 755 1285 795 absentis
1303 757 1493 808 sul-roget
1516 753 1622 807 ydo-

87 835 233 871 neum,
244 821 317 874 qui
333 834 408 873 pro
419 820 642 860 animabus
656 820 978 874 praenominatis
996 819 1149 859 devote
1165 819 1320 859 orando
1335 818 1622 859 accotidianas

85 886 237 925 missas
248 886 282 924 si
297 883 428 924 nichil
439 884 581 924 obstet
595 885 847 924 canonicum
857 884 1124 932 celebrando,
1135 883 1260 923 dictae
1271 883 1470 922 cantariae
1478 881 1622 922 debite

86 949 311 989 deserviat.
345 949 570 998 Praeterea,
592 947 843 1002 prohibetur
865 949 1005 988 eidem
1020 948 1237 1001 capellano
1251 951 1295 988 et
1311 946 1623 987 successoribus

87 1013 174 1053 suis
196 1013 538 1066 quibuscumque
559 1026 612 1052 ne
627 1013 867 1066 pensiones,
885 1017 1134 1065 proventuS,
1156 1012 1223 1052 vel
1244 1012 1439 1052 redditus
1460 1024 1624 1050 annuos

81 1077 247 1131 jurave,
269 1081 345 1116 aut
367 1076 510 1125 libros,
533 1076 698 1126 caliceS,
721 1078 994 1126 vestimenta,
1016 1076 1150 1116 aliave
1174 1089 1284 1126 vasa,
1311 1075 1479 1129 jocalia,
1503 1087 1624 1114 orna-

87 1145 248 1191 menta,
270 1141 337 1181 vel
360 1141 470 1181 bona
490 1155 771 1194 quaecumque
793 1140 919 1181 dictae
933 1141 1134 1180 cantariae
1156 1140 1317 1180 alienet
1330 1140 1395 1180 vel
1417 1139 1624 1188 alienent,

87 1205 161 1244 sed
183 1219 231 1245 ea
254 1205 397 1245 omnia
419 1209 463 1245 et
486 1205 667 1259 singula,
690 1218 855 1245 necnon
880 1206 1049 1258 scripta,
1071 1205 1357 1254 munimenta,
1379 1207 1424 1244 et
1447 1202 1622 1243 eviden-

85 1270 172 1309 cias
194 1270 247 1310 ad
270 1270 450 1310 eandem
473 1271 705 1309 cantariam
738 1270 1109 1323 qualitercumque
1143 1270 1385 1322 spectancia
1414 1268 1548 1308 illaesa
1578 1271 1624 1307 et

85 1333 333 1388 incorrupta
354 1338 568 1387 quatenus
591 1334 630 1374 ei
652 1338 696 1374 et·
717 1335 778 1374 eis
801 1334 1001 1388 possibile
1023 1335 1130 1382 erit3
1164 1333 1278 1373 salvo
1294 1346 1460 1386 semper
1473 1345 1621 1372 eorum

84 1409 166 1437 usu
187 1399 426 1438 necessario
457 1398 727 1438 conservabit
760 1401 804 1437 et
834 1397 1159 1448 conservabunt,
1182 1411 1228 1437 ac
1253 1398 1339 1437 suis
1362 1396 1621 1450 sumptibus,

83 1467 213 1516 prout
246 1476 352 1515 opus
384 1461 518 1502 fuerit
549 1465 595 1502 et
629 1475 750 1501 casus
781 1462 1052 1501 necessitatis
1090 1462 1326 1511 emerserit,
1362 1461 1623 1501 sufficienter

84 1532 214 1581 atque
256 1527 539 1567 condecenter
573 1530 618 1566 et
658 1526 802 1566 debite
844 1526 1061 1579 reparabit
1094 1530 1139 1566 et
1171 1526 1431 1579 reparabunt
1464 1525 1623 1578 imper-

84 1597 282 1646 petuum.
343 1591 450 1630 Volo
481 1591 671 1643 insuper,
703 1591 897 1644 dispono,
930 1595 975 1630 et
1006 1591 1169 1640 ordino,
1191 1590 1303 1643 quod
1328 1590 1362 1629 si
1393 1589 1623 1643 praedictus

85 1656 286 1695 dominus
308 1654 516 1694 Ricardus
550 1655 687 1694 Lucas
720 1655 789 1694 vel
820 1655 974 1708 aliquis
1008 1668 1222 1694 successor
1253 1653 1345 1707 ejus
1376 1653 1623 1707 capellanus

85 1720 286 1760 cantariae
307 1719 520 1772 praedietae
544 1732 586 1758 se
608 1719 874 1758 intromittat
896 1719 949 1758 de
971 1718 1115 1771 aliquo
1136 1719 1272 1758 officio
1293 1717 1532 1771 temporali,
1556 1718 1623 1758 vel

87 1785 121 1823 si
142 1784 194 1824 de
223 1783 552 1833 incontinencia,
575 1784 856 1833 contumacia,
879 1783 966 1822 sive
987 1783 1248 1822 alienacione
1271 1782 1337 1822 vel
1359 1783 1622 1836 impignora-

84 1849 206 1888 cione
248 1847 456 1887 bonorum
499 1848 697 1887 cantariae
737 1847 965 1900 praedictae,
1000 1860 1075 1886 seu
1109 1846 1191 1886 alio
1224 1847 1349 1885 modo
1387 1859 1462 1885 sua
1497 1845 1622 1898 culpa

85 1913 230 1952 minus
250 1911 442 1965 ydoneus
473 1911 528 1950 ad
550 1911 863 1951 conficiendum
895 1911 941 1950 in
973 1911 1162 1950 cantaria
1193 1911 1395 1963 praedicta
1425 1913 1620 1963 repertus

84 1977 231 2026 fuerit,
247 1979 291 2015 et
313 1989 438 2028 super
460 1973 538 2014 hoc
561 1989 699 2015 coram
719 1974 943 2015 Ordinario
966 1989 1041 2014 suo
1054 1974 1250 2028 legitime
1268 1975 1501 2023 convietus,
1519 1971 1620 2013 hinc

85 2041 139 2081 ab
171 2039 419 2094 hujusmodi
451 2040 641 2079 cantaria
672 2040 846 2092 penitus
879 2042 1142 2085 amoveatur,
1165 2042 1206 2077 et
1238 2038 1282 2077 in
1306 2038 1398 2077 loco
1421 2038 1487 2077 sui
1509 2037 1619 2077 alius

83 2105 325 2158 capellanus
347 2104 538 2157 ydoneus
560 2103 755 2157 legitime
777 2103 1048 2143 institua-tur.
1112 2103 1225 2142 Item
1250 2101 1343 2141 volo
1365 2104 1406 2141 et
1424 2114 1618 2154 expresse

83 2169 233 2209 ordino
254 2168 367 2222 quod
387 2170 615 2221 postquam
637 2167 689 2207 ab
721 2166 798 2207 hac
830 2167 923 2207 luce
955 2168 1206 2221 migravero,
1228 2166 1342 2205 idem
1373 2165 1618 2218 capellanus

85 2237 130 2273 et
152 2233 312 2286 singuli
334 2245 594 2272 successores
619 2232 685 2271 sui
705 2232 925 2285 perpetuis
957 2231 1114 2271 futuris
1146 2230 1412 2283 temporibus
1437 2229 1618 2282 singulis

84 2297 235 2337 diebus
255 2297 301 2335 in
331 2296 511 2351 singulis
531 2296 672 2335 missis
701 2309 805 2348 quas
833 2296 924 2348 ipse
947 2298 992 2334 et
1013 2295 1094 2347 ipsi
1116 2294 1342 2333 celabrabit
1368 2298 1408 2332 et
1435 2293 1618 2332 celebra-

83 2361 207 2412 bunt,
221 2365 313 2400 oret
326 2365 370 2400 et
385 2360 625 2413 specialiter
639 2363 814 2399 exorent
829 2372 902 2412 pro
916 2358 1139 2398 animabus
1154 2357 1423 2410 supradictis,
1438 2357 1618 2396 dicendo

83 2423 159 2465 has
181 2425 410 2474 oraciones,
442 2427 452 2446 ‘
469 2424 635 2463 Inclina
658 2423 841 2463 Domine
864 2436 1013 2462 aurem
1035 2422 1171 2461 Tuam
1202 2422 1254 2461 ad
1283 2435 1428 2474 preces
1450 2426 1616 2460 nostras

82 2489 237 2543 quibus
268 2489 600 2529 misericordiam
632 2489 768 2528 Tuam
801 2488 1012 2541 supplices
1043 2488 1331 2540 deprecamur,
1354 2490 1400 2526 ut
1429 2486 1616 2525 animam

82 2553 234 2594 famuli
256 2554 321 2593 tui
343 2551 566 2603 Johannis,
589 2566 716 2606 quam
739 2552 791 2592 de
808 2550 887 2591 hoc
905 2551 1057 2592 saeculo
1072 2551 1256 2604 migrare
1273 2549 1495 2604 jussisti,’¹
1519 2554 1616 2599 etc.,

83 2617 235 2666 ‘Deus,
259 2617 341 2665 Qui
363 2617 476 2656 inter
497 2616 750 2669 apostolicos
773 2615 1012 2655 sacerdotes
1033 2614 1215 2654 famulos
1238 2614 1351 2653 Tuos
1372 2613 1398 2653 J
1402 2611 1615 2652 ohannem

82 2685 127 2721 et
147 2681 416 2721 willelmum
448 2680 683 2733 pontificali
705 2679 848 2719 fecisti
879 2680 1094 2734 dignitate
1127 2678 1302 2727 censeri,
1326 2681 1478 2730 praesta
1501 2691 1616 2729 quae—

84 2758 231 2784 sumus
260 2748 309 2784 ut
341 2743 581 2797 quorum,’2
613 2747 711 2793 etc.,
735 2746 745 2765 ‘
763 2743 1044 2797 Omnipotens
1068 2742 1341 2794 Sempiterue
1370 2740 1501 2789 Deus,
1537 2739 1614 2780 Cui

83 2820 300 2860 nunquam
336 2809 426 2848 sine
461 2821 532 2859 spe
566 2808 864 2847 misericordiae
898 2807 1175 2860 supplicatur,
1197 2804 1430 2858 propiciare
1462 2803 1614 2844 animae

251 2887 307 2931 (l)
336 2886 435 2921 York
455 2887 590 2929 Missal,
612 2886 645 2919 ii.
668 2887 743 2920 183.
1089 2885 1144 2927 (2)
1176 2883 1226 2917 Il».
1248 2896 1278 2929 p.
1302 2884 1376 2917 185.

1759 116 1850 163 171

1658 372 1717 400 and

1658 411 1813 450 holidnys.

1656 755 1701 784 To
1717 756 1842 792 provide

1658 804 1675 824 a
1687 796 1857 825 substitute

1658 835 1748 863 when

1658 873 1778 903 absent.

1658 945 1722 975 Not
1738 949 1769 975 to

1659 987 1779 1023 tamper

1659 1025 1737 1053 with
1750 1026 1853 1062 fuuds,

1657 1069 1716 1093 etc.

1658 1591 1721 1621 Nor
1738 1599 1769 1622 to

1656 1640 1775 1670 eugage
1791 1633 1823 1661 in

1657 1675 1718 1700 tem
1724 1672 1811 1708 poral

1656 1714 1794 1741 matters.

1654 2101 1787 2140 Prayers

1653 2142 1733 2170 after
1749 2142 1802 2171 the

1652 2181 1744 2210 death
1756 2182 1791 2210 of
1799 2182 1854 2210 the

1652 2220 1790 2250 founder.

1651 2425 1754 2455 Illi-ssa
1764 2436 1825 2464 pro

1651 2465 1813 2502 defunctis.

1651 2621 1715 2651 Pro
1731 2622 1825 2660 Epis-

1650 2671 1721 2699 copo
1736 2662 1783 2690 de-

1641 2701 1767 2739 szmcto.

1651 2747 1716 2776 Pro
1738 2747 1847 2777 Sacer-

1649 2788 1717 2815 dote
1732 2787 1781 2815 de-

1653 2826 1765 2855 functo.
