1915 3068
59 156 85 199 6

54 293 121 313 ΛΑ).
136 285 204 313 661.

55 340 228 386 κνῖιῑιῑριιέ

55 385 222 418 receptlon.

56 866 106 895 He
123 867 150 895 is

54 906 163 934 loaded
175 906 252 934 with

56 945 143 983 royal
158 945 245 983 gifts.

58 1000 214 1030 Donation

55 1041 89 1068 of
101 1040 214 1078 Ripon.

57 1245 105 1274 He
122 1246 148 1274 is

57 1285 206 1328 orgium&

58 1326 163 1362 prmst.

61 1778 126 1798 Am.
141 1770 209 1798 661.

61 1825 233 1854 wilfrith's

60 1865 237 1901 friendship

62 1905 140 1932 with
157 1905 251 1932 Alch-

60 1944 149 1972 frith.

64 2027 221 2055 Donation

64 2067 96 2093 ns
109 2067 246 2094 Scottish

64 2108 253 2144 monastery.

64 2543 131 2564 Λ.ῐ).
148 2537 214 2565 66-1.

66 2592 210 2621 wilfrith

65 2632 215 2660 ordaincd

66 2671 172 2707 priest.

66 2710 128 2738 and
144 2709 263 2748 bishop.

779 165 1054 198 MEMORIALS
1091 166 1149 198 OF
1185 166 1344 199 RIPON.

286 278 537 331 repleverat,
554 279 757 318 notitiam
782 277 930 318 Sancti
950 291 1221 330 nequaquam
1241 277 1391 332 fugere
1412 281 1591 331 poterat.
1654 280 1717 319 Ex
1738 279 1817 320 hoc

287 343 413 382 curiae
435 343 548 396 regis
569 342 724 383 Alfridi
745 345 1044 396 praesentatus,
1065 340 1253 381 humane
1269 343 1525 395 suscipitur3
1556 343 1690 394 brevi,
1705 344 1818 396 quod

286 410 414 446 antea
446 406 532 446 solo
565 407 719 446 auditu
749 408 795 445 in
827 419 876 445 eo
911 405 1138 455 sciebatur,
1170 419 1215 445 re
1248 406 1339 459 ipsa
1373 407 1655 460 cognoscitur,
1688 411 1733 447 et
1769 421 1818 446 eo

286 470 419 524 regali
441 471 643 509 amicitiae
658 470 929 509 familiariter
950 469 1196 509 associatur.
1257 470 1454 510 Probitas
1477 471 1606 510 etiam
1627 471 1819 524 integer-

284 535 403 573 rimae
424 534 538 584 vitae,
561 548 689 587 quam
711 533 825 573 fama
845 534 982 586 primo
1003 533 1254 586 vulgaverat
1276 537 1319 573 et
1340 533 1527 586 prudens
1551 534 1818 587 simplicitas,

286 598 553 650 simplexque
588 598 833 650 prudentia,
865 610 993 650 quam
1024 597 1069 636 in
1100 596 1174 636 illo
1205 597 1259 636 ad
1280 611 1426 637 omnes
1449 611 1547 637 cum
1568 596 1818 638 humilitate

286 661 504 714 vigebant,
534 675 620 700 non
642 661 768 701 modo
799 661 905 714 regi,
928 674 1077 700 verum
1099 664 1144 700 et
1173 661 1370 700 omnibus
1403 675 1502 701 eum
1525 675 1670 701 carum
1699 661 1819 701 exhi-

286 725 458 765 bebant.
520 726 674 765 Tribus
707 739 757 765 ex
787 724 868 764 hoc
899 725 1022 764 annis
1043 723 1233 777 regalem
1264 726 1425 764 curiam
1447 725 1567 776 fovit,
1590 729 1635 765 et
1655 727 1818 766 virtute

285 790 420 828 animi
450 790 648 842 gratiam,
690 789 886 843 gloriam,
917 787 1123 828 honorem
1156 788 1237 828 sibi
1278 790 1554 842 comparavit.
1616 789 1743 829 Unde
1775 793 1820 829 et

285 853 404 907 regio
425 867 604 893 munere
626 857 779 893 auctus
801 856 892 892 tam
913 852 1144 892 mobilibus
1166 865 1296 905 quam
1312 856 1356 892 et
1370 853 1662 893 immobilibus
1678 867 1820 893 rerum

286 916 422 967 bonis,
455 918 586 956 etiam
616 917 731 956 inter
752 916 958 956 animales
989 914 1211 955 homines¹
1236 916 1372 956 clarus
1396 920 1500 957 erat.
1563 916 1700 970 Super
1731 915 1821 956 haec

287 994 454 1034 quoque
497 981 677 1034 Ripensi
719 981 912 1030 eeclesia,
946 993 1045 1019 cum
1081 978 1165 1018 hiis
1201 994 1296 1033 quae
1330 981 1396 1019 sui
1423 980 1535 1033 juris
1572 981 1820 1030 extiterant,

287 1045 422 1099 regali
462 1045 761 1085 munificentia
801 1045 984 1084 donatus
1017 1047 1098 1083 est.
1160 1044 1223 1083 Ex
1257 1057 1306 1084 eo
1339 1048 1487 1084 autem
1520 1059 1686 1084 summa
1721 1058 1821 1084 cura

287 1109 553 1162 procurabat,
594 1112 811 1162 quatenus
853 1122 953 1161 opes
997 1122 1083 1148 suae
1124 1109 1260 1162 magis
1296 1110 1529 1148 transirent
1570 1109 1614 1147 in
1657 1109 1821 1148 victum

287 1173 595 1227 indigentium,
633 1187 762 1226 quam
795 1175 981 1212 servaret
1013 1186 1082 1211 eas
1113 1186 1231 1212 more
1263 1186 1386 1212 avare
1417 1186 1517 1225 opes
1551 1186 1646 1212 suas
1676 1186 1823 1212 recon-

288 1238 501 1277 dentium.
565 1238 736 1277 Interea
779 1237 898 1276 venit
940 1237 993 1276 ad
1034 1250 1183 1290 regern
1224 1237 1448 1290 episcopus
1481 1236 1822 1277 Occidentalium

291 1301 521 1350 Saxonum,
573 1302 746 1341 nomine
799 1300 1035 1351 Ailbertus,
1087 1301 1152 1340 vir
1195 1304 1381 1351 sanctus,
1434 1304 1479 1340 et
1529 1300 1824 1341 ecelesiasticis

289 1365 524 1419 disciplinis
544 1366 736 1418 apprime
758 1365 988 1404 institutus
1007 1378 1017 1412 ;
1050 1365 1125 1417 qui
1147 1368 1191 1404 et
1213 1364 1355 1403 eidem
1383 1366 1475 1418 regi
1506 1378 1662 1419 magno
1683 1365 1824 1404 fuerat

289 1430 590 1469 familiaritatis
612 1443 754 1469 amore
776 1428 869 1482 conj
878 1431 1048 1467 unctus.
1081 1428 1179 1478 Hie,
1200 1431 1375 1481 rogatus
1396 1442 1421 1467 a
1441 1442 1557 1482 rege,
1574 1428 1823 1468 Wilfridum

289 1493 342 1532 ad
382 1493 702 1546 presbyteratus
739 1493 925 1532 officium
958 1493 1186 1545 promovit,
1223 1495 1375 1545 utpote
1419 1506 1548 1545 quem
1590 1493 1824 1532 sacerdotio

290 1556 415 1611 fungi
440 1557 745 1612 dignissimum
767 1570 858 1596 esse
879 1556 1096 1610 cognovit.

543 1687 671 1721 RIPON
697 1686 881 1727 PSALTER,
899 1685 948 1718 In
964 1685 1066 1719 Festo
1085 1684 1322 1729 Deposiciom's
1339 1684 1374 1719 S.
1402 1683 1572 1730 U'z'ffm'di.

392 1760 542 1802 [θεοῖο
584 1763 646 1816 iij.
710 1762 893 1802 Sanctus
933 1774 1032 1800 vero
1071 1760 1295 1800 Wilfridus
1338 1761 1607 1800 Britanniam
1648 1761 1825 1800 veniens

295 1826 551 1879 conjunctus
575 1831 640 1866 est
671 1826 877 1866 amiciciis
899 1824 1053 1863 Alfridi
1083 1824 1210 1877 regis,
1242 1837 1371 1877 quem
1394 1823 1556 1864 Oswius
1576 1827 1697 1877 pater
1718 1823 1825 1878 ejus,

294 1891 531 1930 beatissimi
566 1891 679 1944 regis
714 1894 758 1929 et
791 1889 991 1941 martyris
1025 1887 1207 1928 Oswaldi
1244 1901 1471 1937 successor,
1504 1889 1625 1942 regni
1663 1889 1826 1928 socium

296 1954 377 1994 sibi
401 1955 642 1994 constituit.
704 1953 830 1994 Unde
852 1957 897 1992 et
918 1952 1006 2001 ille,
1028 1953 1130 2005 quia
1161 1950 1422 1991 catholicum
1455 1965 1555 1991 eum
1588 1965 1678 1992 esse
1709 1966 1825 1991 com-

296 2019 422 2071 perit,
444 2032 541 2057 mox
573 2018 748 2057 donavit
779 2017 818 2056 ei
849 2016 1158 2055 monasterium
1188 2015 1251 2055 xla
1281 2015 1542 2054 familiarum
1563 2016 1609 2054 in
1630 2015 1721 2055 1000
1751 2016 1826 2068 qui

298 2086 471 2121 vocatur
522 2082 676 2134 Ripon.
738 2081 876 2128 Quem
916 2080 1118 2120 videlicet
1167 2080 1308 2119 locum
1349 2079 1525 2119 dederat
1565 2080 1733 2132 pridem
1773 2079 1827 2119 ad

296 2146 635 2185 construendum
656 2145 764 2185 inibi
785 2145 1092 2184 monasterium
1114 2143 1197 2183 hiis
1229 2144 1304 2197 qui
1336 2143 1500 2184 Scottos
1524 2143 1826 2196 sequebantur.

294 2210 454 2249 Verum
507 2210 607 2263 quia
648 2209 711 2248 illi
752 2209 1041 2262 postmodum,
1083 2208 1260 2261 opcione
1301 2207 1413 2258 data,
1449 2207 1697 2248 maluerunt
1736 2208 1826 2248 loco

296 2274 446 2313 cedere
470 2287 612 2326 quam,
636 2274 722 2312 suis
753 2272 1061 2312 tradicionibus
1093 2272 1352 2324 postpositis,
1374 2270 1528 2324 pascha
1552 2270 1825 2322 catholicum,

296 2341 555 2390 caeterosque
587 2338 690 2377 ritos
722 2335 828 2392 (sic)
858 2336 1080 2376 canonicos
1105 2335 1234 2388 juxta
1264 2335 1466 2375 Romanae
1497 2335 1695 2375 Ecclesiae
1726 2350 1826 2376 con-

297 2402 571 2440 suetudinem
594 2402 797 2454 recipere,
819 2401 941 2440 dedit
961 2399 1040 2439 hoe
1071 2400 1135 2439 illi
1166 2413 1295 2452 quem
1327 2398 1573 2439 melioribus
1604 2399 1824 2440 imbutum

297 2465 535 2517 disciplinis
557 2465 736 2504 viderat.

386 2527 534 2568 Lea-050
566 2529 644 2581 iiij.
707 2529 874 2580 Itaque,
916 2527 1187 2567 desiderante
1218 2540 1319 2581 rege
1351 2526 1528 2577 Alfrido,
1559 2528 1825 2568 venerandus

299 2594 363 2631 vir
384 2593 607 2633 Wilfridus
641 2593 831 2633 sacerdos
863 2592 1083 2631 ordinatus
1115 2596 1181 2631 est
1208 2592 1260 2631 ab
1291 2591 1513 2645 Agilberto
1534 2591 1825 2632 erisorum²

299 2658 510 2710 episcopo,
534 2662 579 2697 et
600 2671 685 2697 non
707 2657 846 2696 multo
867 2658 976 2709 post,
1000 2656 1222 2695 eliminata
1244 2656 1467 2695 Scotorum
1490 2658 1614 2705 secta,
1638 2656 1824 2696 Galliam

297 2721 420 2760 illum
461 2723 641 2761 mittens
671 2735 769 2761 cum
800 2720 991 2760 consilio·
1009 2721 1143 2772 patris
1182 2721 1246 2759 sui
1290 2720 1431 2770 Oswii,
1464 2720 1709 2772 episcopum
1745 2721 1825 2760 sibi

296 2786 462 2838 rogavit
503 2786 687 2825 ordinari
728 2785 781 2823 ab
815 2784 965 2824 eodem
1000 2784 1235 2837 Agilberto,
1269 2784 1358 2836 qui,
1391 2783 1542 2823 relicta
1582 2783 1822 2833 Britannia,

465 2863 519 2901 (11
549 2862 720 2907 Spiritual
739 2872 831 2904 men,
848 2872 898 2903 or,
916 2861 977 2894 the
995 2861 1165 2907 opposite.
1217 2860 1281 2895 See
1300 2860 1479 2906 Ducange.

463 2916 516 2951 (2)
545 2914 618 2948 The
637 2913 800 2956 Gewissi,
817 2925 856 2947 or
874 2913 976 2946 VVest
997 2913 1133 2947 Saxons
1151 2913 1190 2947 os
1205 2913 1302 2946 what
1323 2912 1352 2947 is
1370 2924 1451 2946 now
1470 2912 1700 2959 Hampshire.
