1935 3151
87 1456 271 1486 witneflscs.

89 1705 123 1733 N·
132 1706 237 1735 ›tarv‘s

88 1738 266 1774 ceriifilzate.

812 169 1087 203 MEMORIALS
1123 170 1181 203 oF
1216 168 1375 203 RIPOX.

322 279 648 322 refomnaciones
666 285 709 322 et
728 283 1019 336 reparaoiones
1036 280 1284 335 hujusmodi
1299 280 1533 321 necessaria
1549 293 1624 320 seu
1638 284 1845 334 oportuna

321 345 365 384 in
397 358 448 385 ea
477 350 597 399 parte
630 346 837 386 habendis
870 347 955 385 sive
987 345 1194 385 faciendis
1216 345 1391 385 nomine
1412 345 1518 384 dicti
1539 345 1846 385 constituentis

320 410 690 460 consenciendi,ac
703 423 960 449 eonsensum
978 412 1022 449 et
1037 423 1258 449 assensum
1275 409 1410 462 ipsius
1424 408 1621 463 magistri
1631 407 1847 462 Radulphi

319 473 626 513 constituentis
668 474 860 527 praedicti
892 474 937 512 in
970 471 1047 512 hac
1089 477 1209 526 parte
1250 487 1326 526 pro
1367 472 1516 512 eodem
1557 473 1848 512 constituente

320 536 451 576 dandi
494 540 537 577 et
580 538 800 590 probandi.
874 538 931 577 Et
974 537 1008 576 si
1055 537 1216 577 eisdem
1258 536 1602 590 procuratoribus
1646 537 1732 576 suis
1774 550 1849 576 seu

321 614 468 640 eorum
494 601 623 641 alicui
652 601 806 641 melius
828 601 1046 641 videbitur
1077 601 1291 654 expedire,
1313 601 1596 640 dissenciendi
1620 604 1665 640 et
1686 600 1844 640 eisdem

319 666 650 706 contradicendi.
712 666 769 705 Et
790 665 1053 719 generaliter
1083 665 1228 704 omnia
1258 665 1341 704 alia
1372 669 1417 704 et
1449 665 1619 718 singula
1649 664 1848 713 faciendi,

321 730 560 780 exercendi,
584 734 625 769 et
652 729 909 783 expediendi
931 743 1026 782 quae
1047 729 1093 768 in
1111 729 1340 782 praemissis
1355 732 1400 768 et
1421 729 1531 767 circa
1552 742 1601 768 ea
1613 729 1849 768 necessaria

319 793 483 833 fuerint
505 808 580 834 seu
602 794 923 848 quomodolibet
945 798 1169 847 oportuna,
1225 795 1283 833 Et
1305 794 1338 833 si
1362 793 1614 833 mandatum
1636 793 1689 833 de
1711 793 1848 847 magis

320 858 497 912 exigant
534 859 717 912 speciale
751 873 827 912 pro
869 858 1033 898 eisdem
1073 857 1415 911 procuratoribus
1458 858 1544 896 suis
1585 861 1661 896 aut
1701 871 1847 897 eorum

302 922 475 976 aliquo,
497 924 696 976 promisit
716 924 893 976 insuper
913 922 1029 962 idem
1051 923 1319 961 constituens
1341 920 1472 961 michi
1493 921 1658 960 notario
1679 921 1849 974 publico

321 986 559 1040 subscripto
595 987 766 1041 publice
799 991 842 1027 et
874 986 1125 1026 solemniter
1155 987 1200 1025 in
1242 985 1322 1026 hac
1362 990 1483 1039 parte
1526 985 1762 1038 stipulante
1806 991 1850 1026 et

320 1054 547 1106 recipienti
591 1068 634 1093 se
667 1057 824 1103 rat-um,
856 1056 1046 1107 gratum,
1078 1056 1121 1092 et
1154 1052 1328 1092 firmum
1358 1054 1567 1105 perpetuo
1599 1050 1850 1092 habiturum

320 1121 461 1158 totum
504 1123 548 1158 et
584 1118 788 1172 quicquid
829 1118 934 1157 dicti
975 1120 1268 1170 procuratores
1304 1117 1369 1156 sui
1405 1120 1482 1156 aut
1516 1129 1663 1156 eorum
1696 1116 1850 1170 aliquis

320 1183 500 1222 fecerint
534 1197 610 1223 seu
640 1182 791 1222 fecerit
822 1183 867 1221 in
899 1182 1130 1235 praemissis
1162 1181 1229 1221 vel
1258 1181 1403 1234 aliquo
1433 1181 1748 1234 praemissorum
1772 1181 1851 1221 sub

318 1245 529 1299 ypotheca
543 1250 587 1287 et
600 1247 865 1300 obligacione
882 1246 1073 1285 omnium
1092 1249 1137 1285 et
1155 1245 1423 1299 singulorum
1439 1245 1645 1284 bonorum
1664 1258 1851 1294 suorum,

321 1319 365 1349 et
385 1311 430 1350 in
453 1325 503 1350 ea
524 1314 645 1364 parte
669 1311 867 1364 exposuit
887 1311 1147 1350 caucionem.
1210 1310 1316 1349 Acta
1339 1312 1441 1349 sunt
1458 1307 1545 1348 haec
1562 1312 1689 1362 prout
1705 1322 1852 1362 supra-

322 1375 567 1415 scribuntur
598 1378 643 1414 et
678 1375 917 1414 recitantur
949 1374 1028 1414 sub
1058 1387 1170 1413 anno
1202 1373 1389 1423 Domini,
1421 1373 1675 1422 indiccione,
1708 1373 1851 1425 ponti-

320 1438 465 1489 ficatu,
488 1452 650 1488 mense,
673 1439 757 1488 die,
785 1441 830 1477 et
860 1438 951 1477 loco
983 1438 1212 1490 praedictis,
1236 1437 1520 1490 praesentibus
1552 1441 1656 1476 tunc
1688 1436 1846 1476 ibidem

318 1503 490 1542 domino
512 1503 747 1542 Laurencio
769 1503 934 1553 Aiston,
957 1502 1189 1555 capellano,
1213 1505 1253 1540 et
1275 1501 1461 1540 Roberto
1484 1501 1653 1550 Levett,
1676 1501 1848 1540 literato

319 1566 573 1607 Coventren.
596 1571 640 1606 et
658 1566 777 1606 Lich.
799 1581 846 1606 ac
868 1567 992 1606 Ebor.
1015 1566 1152 1615 dioec„
1175 1566 1358 1606 testibus
1380 1565 1432 1604 ad
1455 1565 1669 1618 praemissa
1692 1566 1848 1604 vocatis

321 1631 564 1684 specialiter
586 1635 630 1670 et
652 1631 826 1685 rogatis.

613 1696 664 1734 Et
690 1709 770 1749 ego
792 1693 1012 1735 ,Iohannes
1031 1694 1203 1747 Emlyn,
1221 1694 1399 1733 clericus
1423 1694 1695 1733 Menevensis
1713 1694 1721 1716 ¹
1746 1694 1851 1732 ‹liw-

344 1758 490 1826 Notflrry’s
522 1773 679 1810 ceseos‚
710 1759 907 1812 publicus
942 1752 1270 1798 auctoritatibus
1303 1757 1535 1811 apostolica
1566 1761 1610 1797 et
1640 1757 1850 1810 imperiali

343 1807 404 1826 mm
420 1814 442 1827 h
523 1824 729 1873 notarius,
772 1823 1044 1876 praefatorum
1096 1826 1416 1876 procuratorum
1459 1822 1759 1862 constitucioni
1807 1826 1851 1860 et

321 1887 509 1939 ipsorum
547 1888 773 1941 potestatis
808 1887 973 1926 dacioni
1011 1888 1260 1940 caeterisque
1302 1886 1529 1939 praemissis
1571 1885 1770 1925 omnibus
1806 1889 1851 1925 et

322 1950 502 2005 ¹singulis
524 1952 627 1991 dum
652 1952 724 2002 sic,
748 1954 799 1990 ut
820 1951 1119 2003 praemittituss
1144 1950 1221 1990 sub
1252 1963 1362 1989 anno
1385 1950 1574 1999 Domini,
1597 1949 1849 1998 indiccione,

321 2015 586 2066 pontificatu,
610 2029 773 2065 mense,
796 2016 879 2064 die,
901 2018 946 2054 et
967 2015 1058 2054 1000
1079 2014 1296 2067 praedictis
1327 2013 1566 2067 agebantur
1598 2016 1642 2053 et
1674 2012 1849 2062 fiebant,

322 2092 405 2118 una
426 2093 524 2119 cum
547 2080 867 2132 praenominatis
889 2079 1074 2118 testibus
1106 2092 1291 2131 praesens
1320 2078 1478 2131 pariter
1500 2077 1693 2127 interfui,
1717 2091 1847 2130 eaque

321 2143 464 2182 omnia
495 2148 539 2183 et
571 2143 740 2198 singula
762 2143 821 2181 sic
843 2143 933 2182 fieri
957 2143 1043 2182 vidi
1066 2146 1110 2182 et
1131 2142 1290 2190 audivi,
1313 2141 1485 2181 aliunde
1509 2144 1752 2194 occupatus,
1775 2155 1849 2193 per

321 2206 453 2246 alium
476 2208 601 2247 scribi
623 2207 718 2256 feci,
741 2206 968 2260 publicavi,
991 2210 1036 2245 et
1057 2207 1102 2245 in
1125 2205 1232 2245 hanc
1256 2205 1466 2258 publicam
1491 2205 1668 2244 formam
1688 2205 1848 2258 redegi,

323 2272 529 2324 signoque
563 2275 606 2311 et
638 2272 813 2311 nomine
845 2271 952 2310 meis
985 2270 1120 2309 solitis
1153 2273 1197 2309 et·
1229 2270 1443 2308 consuetis
1474 2269 1653 2322 signavi,
1676 2272 1847 2322 rogatus

323 2339 363 2372 vt
398 2337 629 2388 requisitus
662 2336 704 2375 in
729 2335 857 2375 fidem
891 2337 935 2375 et
957 2335 1253 2374 testimonium
1288 2337 1333 2373 et
1356 2333 1622 2387 singulorum
1655 2333 1845 2386 przemis-

323 2412 479 2438 ¹sorum.

414 2461 496 2502 The
509 2463 704 2516 notary’s
727 2462 855 2503 mark
871 2461 926 2512 is,
941 2476 1039 2502 over
1060 2476 1088 2502 a
1110 2460 1265 2501 double
1286 2474 1447 2515 square
1463 2474 1490 2500 α
1509 2459 1664 2500 double
1679 2459 1849 2511 lozenqo

328 2524 430 2565 with
451 2540 480 2566 (ι
500 2525 683 2567 smuller
703 2540 784 2566 one
804 2530 851 2567 at
869 2525 968 2567 each
991 2525 1041 2580 of
1057 2525 1116 2566 its
1138 2539 1286 2580 uppm·
1308 2538 1496 2575 cornere,
1512 2523 1569 2564 sits
1587 2523 1730 2564 loumst
1744 2528 1849 2563 rest-

327 2588 405 2642 itas]
426 2603 485 2631 on
516 2604 544 2631 α
575 2595 683 2631 stem
713 2589 821 2630 with
852 2604 881 2630 α
911 2589 1029 2645 lenos)
1062 2604 1122 2631 οη
1151 2587 1292 2630 which
1314 2587 1354 2629 is
1381 2593 1448 2643 113,
1473 2587 1538 2628 the
1565 2592 1674 2628 stem
1695 2586 1848 2639 risina

314 2653 442 2706 from
465 2658 546 2695 two
568 2659 682 2709 steps
705 2668 764 2694 (mr
784 2653 925 2694 which
946 2653 986 2694 ‘223
1017 2656 1192 2695 {inienuus
1217 2656 1322 2704 θ’·ιιιίι)
1356 2684 1365 2693 .

413 2717 1066 2758 Emlorsed.—Pr00urat0rium
1088 2719 1149 2758 M.
1169 2717 1383 2771 Radulphi
1408 2716 1542 2767 Shaw,
1565 2715 1659 2756 (ιηῶ
1673 2714 1726 2756 βίη
1740 2714 1850 2756 Later

324 2778 461 2830 lmsml,
483 2781 572 2821 The
596 2782 872 2821 Procuration
895 2781 941 2820 of
968 2782 1014 2820 M
1019 2795 1050 2821 r.
1077 2780 1213 2835 Ralph
1239 2780 1374 2831 Shaw,
1398 2780 1608 2827 Prehend,
1632 2783 1676 2817 to
1699 2779 1847 2830 Henry

329 2844 468 2894 ward,
492 2844 642 2884 Richd.
667 2846 815 2895 Lucas,
838 2845 918 2884 aud
942 2844 1067 2884 Thos.
1092 2845 1243 2894 Noble,
1267 2849 1311 2885 to
1333 2858 1487 2898 appear
1511 2843 1572 2883 for
1593 2842 1682 2882 him
1706 2843 1749 2881 in
1774 2841 1848 2882 the

917 2925 971 2968 (l)
1001 2924 1052 2958 St.
1073 2924 1224 2958 Dasius.
