1915 3068
90 108 151 155 48

89 245 229 283 Conyers

90 285 153 314 and
167 294 220 322 op-

90 332 208 361 presses

89 362 204 401 Ripon.

91 662 160 685 A.D.
176 655 262 683 1143.

93 711 266 740 Prevalent

91 755 240 786 outrages

91 789 218 827 against
235 789 290 818 the

91 828 219 859 chureii.

93 973 177 1002 Alan

91 1012 228 1041 assaults

94 1052 197 1080 Arch-

91 1091 200 1128 bishop

91 1130 238 1159 william

92 1170 135 1207 by
152 1169 205 1198 the

90 1209 195 1236 shrine
203 1208 236 1236 of
243 1207 289 1237 St.

91 1247 250 1278 wilfrith.

92 1494 162 1515 Λα).
181 1486 269 1516 1148.

94 1540 206 1579 Henry

93 1580 228 1609 Mun-dac

93 1619 214 1648 elected

94 1658 196 1687 Arch-

93 1698 212 1735 bishop‚

94 1869 157 1898 and
173 1877 276 1898 conse-

93 1908 209 1938 crated.

95 1996 136 2025 Ill
150 1996 291 2025 received

94 2035 126 2064 in
143 2035 228 2074 Eng-

94 2075 179 2104 land.

96 2124 273 2153 Forbidden

95 2168 128 2192 to
142 2168 230 2193 enter

95 2202 193 2231 York.

96 2248 144 2278 St.
158 2248 243 2278 John

95 2289 116 2317 i.
132 2289 175 2318 11.

97 2335 221 2365 Retircs
236 2338 270 2366 to

99 2374 211 2414 Ripon.

805 119 1080 152 MEMORIALS
1115 118 1173 152 OF
1209 118 1367 152 RIPON’.

323 245 475 272 manus
497 231 590 286 ejus
614 245 740 285 super
767 231 908 284 Ripon
930 235 975 270 et
1006 229 1201 270 homines
1231 231 1312 270 loci
1337 230 1469 271 illius.
1531 230 1629 284 Ipse
1652 232 1783 281 enim,
1805 234 1851 271 et

322 297 397 336 alii
418 297 577 350 quique
599 299 800 350 potentes
821 295 904 335 viri
924 294 1124 334 tulerunt
1154 307 1420 347 quaecunque
1452 294 1498 333 in
1528 293 1706 345 horreis,
1730 299 1775 335 et
1805 295 1852 336 in

322 360 418 400 aliis
438 360 582 410 rebus,
603 360 833 399 Turstinus
854 357 1197 411 archiepiscopus
1219 362 1509 398 reservaverat
1523 359 1753 399 successori
1775 373 1852 399 suo

324 425 589 475 necessaria,¹
614 427 741 478 prout
769 423 950 477 quisque
982 423 1277 462 conterminus
1298 422 1385 462 fuit
1415 423 1541 462 terris
1572 421 1853 477 archiepisco-

324 488 507 542 palibus.

749 565 775 600 J
777 575 857 600 om<
875 575 920 600 or
937 565 1126 609 ΗΕΧΗΑΜ,
1151 565 1277 600 chron.
1296 576 1329 611 p.
1349 565 1429 601 144.

413 643 495 683 His
536 643 668 682 etiam
709 641 976 695 temporibus
1016 641 1192 695 plurimi
1232 642 1430 695 plurimis
1471 642 1517 681 in
1557 641 1659 681 locis
1692 641 1852 682 similes

324 707 510 746 intulere
532 706 756 746 violentias
779 705 966 746 ecclesiis
988 709 1034 745 et
1050 705 1348 746 ecclesiasticis
1365 706 1571 758 personis,
1632 705 1852 746 Galfridus

325 771 442 811 enim
467 771 519 810 de
542 770 819 825 Magnavilla,
841 769 991 823 ejectis
1022 768 1254 820 monachis,
1276 770 1536 809 monasterio
1566 769 1618 809 de
1651 769 1853 809 Ramesbi

323 835 482 875 abusus
504 838 571 875 est
592 836 683 875 vice
705 835 846 874 castri.
886 833 1035 874 Comes
1051 834 1328 874 Eboracensis
1342 833 1600 884 VVillelmus,
1613 834 1853 873 inimicitiis

323 898 506 938 afflictus
528 898 730 938 Rannulfi
751 898 921 938 comitis
952 897 1127 938 'Cestriae
1150 901 1195 937 et
1216 897 1428 937 Gileberti
1451 898 1504 937 de
1527 897 1658 948 Gant,
1680 897 1854 937 Monas-

323 962 484 1002 terium
507 962 673 1003 Sanctae
694 962 842 1001 Mariae
864 962 917 1001 de
939 961 1185 1001 Brellintun
1207 964 1396 1000 castrum
1413 961 1493 1001 sibi
1510 960 1627 1001 fecit.
1688 960 1853 1000 Alanus

323 1027 455 1066 etiam
486 1039 625 1065 comes
648 1025 700 1065 de
723 1024 989 1065 Richemunt
1019 1025 1134 1078 apud
1166 1024 1326 1077 Ripun,
1347 1027 1536 1064 armatus
1558 1038 1657 1064 cum
1678 1024 1852 1063 armatis

323 1090 565 1143 irrumpens
586 1090 632 1129 in
647 1089 884 1140 ecclesiam,
898 1088 1169 1128 Willelmum
1182 1087 1548 1142 archiepiscopum
1567 1102 1687 1128 secus
1701 1102 1852 1141 corpus

324 1153 439 1194 beati
460 1153 649 1193 Wilfridi
671 1154 958 1194 irreverenter
978 1151 1292 1193 dehonestavit.

647 1305 979 1342 ARCHBISHOP
1012 1306 1229 1342 MURDAC
1262 1305 1330 1340 AT
1363 1304 1530 1341 RIPON.

325 1388 550 1424 CHRONICLE
568 1397 613 1423 OF
629 1388 660 1422 F
663 1397 863 1431 οΠΝΤΑΙΝε,
888 1387 1082 1423 Walbran’s
1099 1385 1307 1430 Fountaius,
1320 1386 1418 1421 Surt.
1438 1386 1516 1420 Soc.
1538 1386 1605 1421 vol.
1624 1385 1700 1420 xlii.
1719 1397 1752 1432 p.
1772 1385 1853 1421 102.

414 1471 582 1521 Amoto,
625 1474 676 1510 ut
727 1470 893 1510 dictum
945 1472 1024 1519 est,
1066 1483 1090 1508 a
1142 1469 1241 1508 sede
1293 1468 1564 1517 Eboracensi,
1605 1467 1854 1517 Willielmo,

326 1535 542 1588 quondam
562 1533 843 1585 thesaurario,
864 1533 1118 1573 venerabilis
1140 1533 1268 1572 abbas
1299 1532 1352 1572 de
1376 1531 1602 1581 Fontibus,
1626 1532 1854 1581 Henricus‚

325 1599 378 1641 de
420 1612 596 1638 assensu
639 1598 814 1638 sanioris
855 1597 1004 1650 partis,
1046 1597 1091 1636 in
1132 1595 1499 1649 archiepiscopum
1540 1595 1704 1635 electus
1755 1596 1856 1635 est.²

327 1662 650 1703 Claramvallem
671 1661 863 1701 ascendit
884 1661 1053 1701 visurus
1076 1664 1272 1700 sanctum
1293 1660 1492 1700 abbatem
1507 1659 1787 1709 Bernardum‚
1801 1659 1854 1699 de

325 1726 450 1781 cujus
481 1726 658 1766 consilio
679 1728 799 1766 totus
821 1726 912 1778 ipse
933 1724 1164 1777 pendebat.
1226 1724 1334 1764 Inde
1366 1723 1582 1777 profectus
1604 1724 1657 1762 ad
1678 1724 1854 1773 curiam,

326 1791 487 1844 Papam
508 1790 756 1844 Eugenium
777 1789 971 1829 Treveris
993 1789 1175 1837 invenit,
1189 1802 1213 1828 a
1226 1802 1310 1842 quo
1328 1792 1372 1827 et
1384 1786 1613 1827 honorifice
1630 1790 1854 1840 susceptus

327 1858 408 1895 est.
451 1854 678 1895 Consentit
698 1853 881 1893 domnus
902 1853 1018 1905 Papa
1039 1853 1084 1891 in
1106 1852 1309 1902 electum,
1331 1854 1603 1891 consecratur
1624 1851 1669 1890 in
1692 1849 1855 1890 archie-

327 1920 564 1972 piscopum,
586 1921 631 1958 et
651 1920 824 1971 accepto
845 1916 997 1970 palleo,
1020 1930 1119 1956 cum
1142 1916 1283 1956 favore
1306 1919 1353 1956 et
1373 1916 1512 1970 gratia
1526 1915 1637 1955 sedis
1652 1915 1855 1954 Romanae

326 1983 552 2032 infulatus,
589 1983 640 2022 ad
673 1982 840 2035 propria
870 1981 998 2021 redit.
1061 1980 1224 2020 Multas
1266 1984 1413 2020 tamen
1444 1978 1663 2019 molestias
1695 1982 1740 2018 et
1770 1978 1854 2018 dif-

325 2046 539 2086 ficultates
561 2059 709 2098 passus
744 2048 809 2084 est
841 2046 886 2083 in
918 2045 1045 2084 initio
1077 2044 1354 2097 pontificatus
1388 2044 1479 2091 sui3
1511 2043 1624 2096 regis
1656 2042 1855 2096 indigna-

328 2112 506 2160 tionem,
529 2109 737 2148 bonorum
769 2108 1106 2157 distractionem,
1128 2108 1448 2147 adversantium
1478 2107 1669 2146 insidias.
1733 2105 1855 2146 Cives

328 2174 540 2227 siquidem
582 2172 867 2212 Eboracenses
909 2171 1093 2211 oderunt
1134 2184 1250 2220 eum,
1292 2174 1351 2221 et,
1393 2169 1686 2223 conjuratione
1728 2169 1854 2220 facta,

328 2237 645 2277 interdixerunt
668 2236 707 2275 ei
728 2236 972 2289 ingressum
993 2234 1182 2274 civitatis
1199 2249 1209 2283 ;
1242 2235 1363 2274 venit
1383 2234 1436 2273 ad
1459 2247 1549 2283 sua,
1567 2235 1577 2255 ‘
1594 2236 1630 2273 et
1650 2231 1727 2273 sai
1750 2246 1853 2273 ewm.

331 2299 465 2357 [ozon]
480 2301 496 2324 ³
516 2298 800 2354 receperunt?
861 2299 959 2351 Ipse
982 2298 1117 2351 igitur
1139 2298 1317 2337 divertit
1338 2297 1564 2350 Riponain,
1586 2297 1690 2336 dans
1712 2297 1854 2336 locum

329 2367 414 2414 irae,
446 2364 580 2404 donec
612 2363 829 2403 deferveat
860 2362 973 2416 regis
1005 2362 1259 2416 indignatio.
1321 2362 1436 2400 Vicit
1467 2361 1612 2413 itaque
1647 2361 1855 2414 sapientia

329 2429 551 2478 malitiam,
602 2426 933 2467 mansuetudine
974 2425 1176 2476 furorem,
1218 2429 1263 2466 et
1313 2425 1642 2465 commotionem
1693 2425 1854 2478 regiam
1909 2442 1911 2479 j

329 2492 539 2546 patientia
560 2490 703 2544 fregit.

331 2607 505 2642 XValbran
525 2606 750 2651 (Fountaim,
767 2606 789 2640 i.
816 2606 874 2650 79,
899 2606 952 2645 τι.)
980 2609 1141 2650 suggests
1158 2605 1305 2640 IIutton
1322 2605 1489 2650 Oonyers,
1508 2603 1628 2638 which
1652 2602 1682 2638 is
1706 2602 1798 2638 close
1816 2607 1854 2638 to
1914 2644 1915 2647 Ἴ

329 2660 390 2694 the
419 2659 660 2705 archbishop’s
693 2658 793 2705 park,
820 2658 889 2692 and
919 2657 1037 2691 where
1065 2658 1200 2703 rugged
1230 2657 1380 2692 mounds
1407 2657 1477 2691 and
1503 2668 1523 2690 a
1549 2659 1629 2691 vast
1655 2659 1753 2690 mont
1779 2655 1854 2690 still

369 2724 472 2747 mam.

329 2724 365 2747 re
402 2765 458 2808 (l)
485 2763 570 2797 This
586 2763 715 2808 pillage
734 2774 809 2796 was
826 2762 971 2796 affected
989 2763 1064 2796 sede
1084 2767 1233 2796 vacante.
1284 2761 1349 2796 See
1367 2760 1505 2796 Raine's
1522 2764 1614 2794 note.

403 2819 459 2861 (2)
487 2817 550 2851 See
569 2816 771 2850 XValbran's
788 2821 868 2849 note
887 2816 980 2850 here.

402 2870 460 2913 (3)
488 2868 684 2902 Bracketed
702 2867 748 2912 by
766 2867 953 2902 VValbran.
