<?xml version="1.0" encoding="UTF-8"?>
<!DOCTYPE html PUBLIC "-//W3C//DTD XHTML 1.0 Transitional//EN"
    "http://www.w3.org/TR/xhtml1/DTD/xhtml1-transitional.dtd">
<html xmlns="http://www.w3.org/1999/xhtml" xml:lang="en" lang="en">
 <head>
  <title>
</title>
<meta http-equiv="Content-Type" content="text/html;charset=utf-8" />
  <meta name='ocr-system' content='tesseract 3.04.00' />
  <meta name='ocr-capabilities' content='ocr_page ocr_carea ocr_par ocr_line ocrx_word'/>
</head>
<body>
  <div class='ocr_page' id='page_1' title='image "./memorialsofchurc01fowl/memorialsofchurc01fowl_0069.png"; bbox 0 0 1915 3068; ppageno 0'>
   <div class='ocr_carea' id='block_1_1' title="bbox 435 119 1858 167">
    <p class='ocr_par' dir='ltr' id='par_1_1' title="bbox 435 119 1858 167">
     <span class='ocr_line' id='line_1_1' title="bbox 435 119 1858 167; baseline 0.005 -13"><span class='ocrx_word' id='word_1_1' title='bbox 435 123 666 155; x_wconf 70' lang='lat' dir='ltr'>nxcssm‘rs</span> <span class='ocrx_word' id='word_1_2' title='bbox 702 123 829 154; x_wconf 67' lang='lat' dir='ltr'>rnon</span> <span class='ocrx_word' id='word_1_3' title='bbox 868 123 1172 167; x_wconf 61' lang='lat' dir='ltr'>cunoxsttns,</span> <span class='ocrx_word' id='word_1_4' title='bbox 1212 126 1303 156; x_wconf 56' lang='lat' dir='ltr'>mu).</span> <span class='ocrx_word' id='word_1_5' title='bbox 1799 119 1858 161; x_wconf 72' lang='lat'>49</span> 
     </span>
    </p>
   </div>
   <div class='ocr_carea' id='block_1_2' title="bbox 523 232 1204 280">
    <p class='ocr_par' dir='ltr' id='par_1_2' title="bbox 523 232 1204 280">
     <span class='ocr_line' id='line_1_2' title="bbox 523 232 1204 280; baseline 0.004 -14"><span class='ocrx_word' id='word_1_6' title='bbox 523 232 631 267; x_wconf 71' lang='lat' dir='ltr'>Jonx</span> <span class='ocrx_word' id='word_1_7' title='bbox 651 243 696 267; x_wconf 75' lang='lat' dir='ltr'>or</span> <span class='ocrx_word' id='word_1_8' title='bbox 714 233 905 277; x_wconf 73' lang='lat' dir='ltr'>annAu,</span> <span class='ocrx_word' id='word_1_9' title='bbox 928 234 1052 268; x_wconf 76' lang='lat' dir='ltr'>C&#39;leron.</span> <span class='ocrx_word' id='word_1_10' title='bbox 1071 246 1104 280; x_wconf 90' lang='lat' dir='ltr'>p.</span> <span class='ocrx_word' id='word_1_11' title='bbox 1126 235 1204 269; x_wconf 78' lang='grc'><strong>158.</strong></span> 
     </span>
    </p>
   </div>
   <div class='ocr_carea' id='block_1_3' title="bbox 95 308 1848 929">
    <p class='ocr_par' dir='ltr' id='par_1_3' title="bbox 95 308 1848 929">
     <span class='ocr_line' id='line_1_3' title="bbox 186 308 1838 366; baseline 0.002 -18"><span class='ocrx_word' id='word_1_12' title='bbox 186 308 402 349; x_wconf 90' lang='lat' dir='ltr'>Henricus</span> <span class='ocrx_word' id='word_1_13' title='bbox 451 308 793 364; x_wconf 82' lang='lat' dir='ltr'>archiepiscopus</span> <span class='ocrx_word' id='word_1_14' title='bbox 846 311 1123 351; x_wconf 89' lang='lat' dir='ltr'>Eboracensis</span> <span class='ocrx_word' id='word_1_15' title='bbox 1165 312 1211 351; x_wconf 89' lang='lat' dir='ltr'>in</span> <span class='ocrx_word' id='word_1_16' title='bbox 1252 312 1454 366; x_wconf 76' lang='lat' dir='ltr'>Angliani</span> <span class='ocrx_word' id='word_1_17' title='bbox 1495 314 1630 362; x_wconf 83' lang='lat' dir='ltr'>venit,</span> <span class='ocrx_word' id='word_1_18' title='bbox 1665 326 1838 352; x_wconf 42' lang='lat' dir='ltr'>tulus.</span> 
     </span>
     <span class='ocr_line' id='line_1_4' title="bbox 97 374 1767 447; baseline 0.002 -34"><span class='ocrx_word' id='word_1_19' title='bbox 97 387 227 426; x_wconf 89' lang='lat' dir='ltr'>quem</span> <span class='ocrx_word' id='word_1_20' title='bbox 279 374 466 427; x_wconf 87' lang='lat' dir='ltr'>recipere</span> <span class='ocrx_word' id='word_1_21' title='bbox 519 388 592 414; x_wconf 79' lang='lat' dir='ltr'>rex</span> <span class='ocrx_word' id='word_1_22' title='bbox 645 374 891 428; x_wconf 80' lang='lat' dir='ltr'>Stephanus</span> <span class='ocrx_word' id='word_1_23' title='bbox 933 379 977 415; x_wconf 90' lang='lat' dir='ltr'>et</span> <span class='ocrx_word' id='word_1_24' title='bbox 1019 376 1168 416; x_wconf 86' lang='lat' dir='ltr'>civitas</span> <span class='ocrx_word' id='word_1_25' title='bbox 1214 376 1492 417; x_wconf 89' lang='lat' dir='ltr'>Eboracensis</span> <span class='ocrx_word' id='word_1_26' title='bbox 1544 391 1630 417; x_wconf 92' lang='lat' dir='ltr'>non</span> <span class='ocrx_word' id='word_1_27' title='bbox 1666 380 1767 447; x_wconf 33' lang='lat' dir='ltr'>fosit-</span> 
     </span>
     <span class='ocr_line' id='line_1_5' title="bbox 96 428 1780 491; baseline 0.003 -15"><span class='ocrx_word' id='word_1_28' title='bbox 96 438 326 490; x_wconf 83' lang='lat' dir='ltr'>acquievit,</span> <span class='ocrx_word' id='word_1_29' title='bbox 366 437 562 491; x_wconf 83' lang='lat' dir='ltr'>factaque</span> <span class='ocrx_word' id='word_1_30' title='bbox 605 443 671 478; x_wconf 88' lang='lat' dir='ltr'>est</span> <span class='ocrx_word' id='word_1_31' title='bbox 711 438 903 478; x_wconf 88' lang='lat' dir='ltr'>confusio</span> <span class='ocrx_word' id='word_1_32' title='bbox 944 440 1128 478; x_wconf 83' lang='lat' dir='ltr'>maxima</span> <span class='ocrx_word' id='word_1_33' title='bbox 1167 440 1436 480; x_wconf 87' lang='lat' dir='ltr'>infidelitatis</span> <span class='ocrx_word' id='word_1_34' title='bbox 1478 442 1524 480; x_wconf 92' lang='lat' dir='ltr'>in</span> <span class='ocrx_word' id='word_1_35' title='bbox 1567 454 1630 481; x_wconf 88' lang='lat' dir='ltr'>ea.</span> <span class='ocrx_word' id='word_1_36' title='bbox 1668 428 1780 486; x_wconf 47' lang='grc' dir='ltr'>ι’ἇρἒξιᾷ</span> 
     </span>
     <span class='ocr_line' id='line_1_6' title="bbox 98 497 1835 565; baseline 0.003 -25"><span class='ocrx_word' id='word_1_37' title='bbox 98 502 302 554; x_wconf 80' lang='lat' dir='ltr'><strong>Quisquis</strong></span> <span class='ocrx_word' id='word_1_38' title='bbox 333 502 451 541; x_wconf 90' lang='lat' dir='ltr'>enim</span> <span class='ocrx_word' id='word_1_39' title='bbox 491 502 544 541; x_wconf 84' lang='lat' dir='ltr'>ad</span> <span class='ocrx_word' id='word_1_40' title='bbox 587 516 688 541; x_wconf 89' lang='lat' dir='ltr'>eum</span> <span class='ocrx_word' id='word_1_41' title='bbox 729 503 878 556; x_wconf 81' lang='lat' dir='ltr'>egredi</span> <span class='ocrx_word' id='word_1_42' title='bbox 914 507 1197 556; x_wconf 81' lang='lat' dir='ltr'>praesumeret</span> <span class='ocrx_word' id='word_1_43' title='bbox 1229 518 1253 543; x_wconf 85' lang='lat' dir='ltr'>a</span> <span class='ocrx_word' id='word_1_44' title='bbox 1285 505 1478 555; x_wconf 86' lang='lat' dir='ltr'>civitate,</span> <span class='ocrx_word' id='word_1_45' title='bbox 1515 505 1550 544; x_wconf 89' lang='lat' dir='ltr'>si</span> <span class='ocrx_word' id='word_1_46' title='bbox 1586 506 1632 544; x_wconf 87' lang='lat' dir='ltr'>in</span> <span class='ocrx_word' id='word_1_47' title='bbox 1667 497 1835 565; x_wconf 50' lang='grc' dir='ltr'>ἓξζῗζξξίη</span> 
     </span>
     <span class='ocr_line' id='line_1_7' title="bbox 97 566 1814 622; baseline 0.001 -19"><span class='ocrx_word' id='word_1_48' title='bbox 97 578 251 604; x_wconf 90' lang='lat' dir='ltr'>manus</span> <span class='ocrx_word' id='word_1_49' title='bbox 272 566 431 604; x_wconf 87' lang='lat' dir='ltr'>civium</span> <span class='ocrx_word' id='word_1_50' title='bbox 452 566 677 616; x_wconf 78' lang='lat' dir='ltr'>recideret,</span> <span class='ocrx_word' id='word_1_51' title='bbox 700 580 799 606; x_wconf 91' lang='lat' dir='ltr'>cum</span> <span class='ocrx_word' id='word_1_52' title='bbox 820 570 1037 606; x_wconf 88' lang='lat' dir='ltr'>tormento</span> <span class='ocrx_word' id='word_1_53' title='bbox 1068 571 1114 607; x_wconf 86' lang='lat' dir='ltr'>et</span> <span class='ocrx_word' id='word_1_54' title='bbox 1144 568 1329 621; x_wconf 86' lang='lat' dir='ltr'>dampno</span> <span class='ocrx_word' id='word_1_55' title='bbox 1361 582 1507 608; x_wconf 90' lang='lat' dir='ltr'>rerum</span> <span class='ocrx_word' id='word_1_56' title='bbox 1527 582 1632 622; x_wconf 87' lang='lat' dir='ltr'>quas</span> <span class='ocrx_word' id='word_1_57' title='bbox 1667 575 1814 613; x_wconf 55' lang='lat' dir='ltr'>langland</span> 
     </span>
     <span class='ocr_line' id='line_1_8' title="bbox 96 627 1633 685; baseline 0.003 -17"><span class='ocrx_word' id='word_1_58' title='bbox 96 627 281 669; x_wconf 85' lang='lat' dir='ltr'>habebat</span> <span class='ocrx_word' id='word_1_59' title='bbox 298 629 462 683; x_wconf 86' lang='lat' dir='ltr'>ejectus</span> <span class='ocrx_word' id='word_1_60' title='bbox 484 633 565 669; x_wconf 90' lang='lat' dir='ltr'>est.</span> <span class='ocrx_word' id='word_1_61' title='bbox 627 630 873 670; x_wconf 83' lang='lat' dir='ltr'>Praebendae</span> <span class='ocrx_word' id='word_1_62' title='bbox 894 631 940 670; x_wconf 91' lang='lat' dir='ltr'>in</span> <span class='ocrx_word' id='word_1_63' title='bbox 961 631 1114 671; x_wconf 84' lang='lat' dir='ltr'>fiscum</span> <span class='ocrx_word' id='word_1_64' title='bbox 1130 632 1301 685; x_wconf 85' lang='lat' dir='ltr'>regium</span> <span class='ocrx_word' id='word_1_65' title='bbox 1318 633 1501 672; x_wconf 77' lang='lat' dir='ltr'>redactae</span> <span class='ocrx_word' id='word_1_66' title='bbox 1516 637 1633 683; x_wconf 89' lang='lat' dir='ltr'>sunt,</span> 
     </span>
     <span class='ocr_line' id='line_1_9' title="bbox 98 691 1633 749; baseline 0.003 -17"><span class='ocrx_word' id='word_1_67' title='bbox 98 697 143 732; x_wconf 89' lang='lat' dir='ltr'>et</span> <span class='ocrx_word' id='word_1_68' title='bbox 161 691 358 733; x_wconf 91' lang='lat' dir='ltr'>homines</span> <span class='ocrx_word' id='word_1_69' title='bbox 382 694 529 734; x_wconf 79' lang='lat' dir='ltr'>Sancti</span> <span class='ocrx_word' id='word_1_70' title='bbox 553 694 673 734; x_wconf 88' lang='lat' dir='ltr'>Petri</span> <span class='ocrx_word' id='word_1_71' title='bbox 690 695 906 735; x_wconf 81' lang='lat' dir='ltr'>violentiis</span> <span class='ocrx_word' id='word_1_72' title='bbox 930 700 972 735; x_wconf 89' lang='lat' dir='ltr'>et</span> <span class='ocrx_word' id='word_1_73' title='bbox 997 696 1316 749; x_wconf 78' lang='lat' dir='ltr'>direptionibus</span> <span class='ocrx_word' id='word_1_74' title='bbox 1340 697 1535 749; x_wconf 80' lang='lat' dir='ltr'>expositi.</span> <span class='ocrx_word' id='word_1_75' title='bbox 1580 698 1633 737; x_wconf 92' lang='lat' dir='ltr'>In</span> 
     </span>
     <span class='ocr_line' id='line_1_10' title="bbox 97 756 1805 815; baseline 0.004 -20"><span class='ocrx_word' id='word_1_76' title='bbox 97 756 269 810; x_wconf 85' lang='lat' dir='ltr'>Ripun¹</span> <span class='ocrx_word' id='word_1_77' title='bbox 306 758 521 797; x_wconf 85' lang='lat' dir='ltr'>Henricus</span> <span class='ocrx_word' id='word_1_78' title='bbox 557 757 899 812; x_wconf 72' lang='lat' dir='ltr'>archiepiscopus</span> <span class='ocrx_word' id='word_1_79' title='bbox 938 774 982 799; x_wconf 89' lang='lat' dir='ltr'>se</span> <span class='ocrx_word' id='word_1_80' title='bbox 1017 761 1198 813; x_wconf 83' lang='lat' dir='ltr'>recepit,</span> <span class='ocrx_word' id='word_1_81' title='bbox 1234 764 1279 799; x_wconf 89' lang='lat' dir='ltr'>et</span> <span class='ocrx_word' id='word_1_82' title='bbox 1314 761 1359 799; x_wconf 91' lang='lat' dir='ltr'>in</span> <span class='ocrx_word' id='word_1_83' title='bbox 1398 761 1633 815; x_wconf 85' lang='lat' dir='ltr'>Hugonem</span> <span class='ocrx_word' id='word_1_84' title='bbox 1668 775 1730 803; x_wconf 84' lang='lat' dir='ltr'>and</span> <span class='ocrx_word' id='word_1_85' title='bbox 1747 774 1805 802; x_wconf 72' lang='lat' dir='ltr'>has</span> 
     </span>
     <span class='ocr_line' id='line_1_11' title="bbox 95 814 1848 881; baseline 0.003 -21"><span class='ocrx_word' id='word_1_86' title='bbox 95 819 469 872; x_wconf 79' lang='lat' dir='ltr'>Putheacensem,2</span> <span class='ocrx_word' id='word_1_87' title='bbox 483 820 816 872; x_wconf 88' lang='lat' dir='ltr'>thesaurarium,</span> <span class='ocrx_word' id='word_1_88' title='bbox 833 822 1124 863; x_wconf 75' lang='lat' dir='ltr'>anathematis</span> <span class='ocrx_word' id='word_1_89' title='bbox 1149 825 1411 864; x_wconf 86' lang='lat' dir='ltr'>sententiam</span> <span class='ocrx_word' id='word_1_90' title='bbox 1433 824 1570 876; x_wconf 84' lang='lat' dir='ltr'>dedit,</span> <span class='ocrx_word' id='word_1_91' title='bbox 1588 829 1634 865; x_wconf 85' lang='lat' dir='ltr'>et</span> <span class='ocrx_word' id='word_1_92' title='bbox 1670 814 1848 881; x_wconf 40' lang='lat' dir='ltr'>{3¹¹2sssssska</span> 
     </span>
     <span class='ocr_line' id='line_1_12' title="bbox 95 886 1784 929; baseline 0.003 -5"><span class='ocrx_word' id='word_1_93' title='bbox 95 886 140 924; x_wconf 92' lang='lat' dir='ltr'>in</span> <span class='ocrx_word' id='word_1_94' title='bbox 163 898 311 925; x_wconf 89' lang='lat' dir='ltr'>omnes</span> <span class='ocrx_word' id='word_1_95' title='bbox 333 886 378 924; x_wconf 93' lang='lat' dir='ltr'>in</span> <span class='ocrx_word' id='word_1_96' title='bbox 400 886 573 925; x_wconf 85' lang='lat' dir='ltr'>civitate</span> <span class='ocrx_word' id='word_1_97' title='bbox 596 886 774 926; x_wconf 86' lang='lat' dir='ltr'>Eboraci</span> <span class='ocrx_word' id='word_1_98' title='bbox 794 888 1099 928; x_wconf 78' lang='lat' dir='ltr'>consistentes.</span> <span class='ocrx_word' id='word_1_99' title='bbox 1670 892 1784 929; x_wconf 73' lang='lat' dir='ltr'>Ripon.</span> 
     </span>
    </p>
   </div>
   <div class='ocr_carea' id='block_1_4' title="bbox 378 1013 1357 1050">
    <p class='ocr_par' dir='ltr' id='par_1_4' title="bbox 378 1013 1357 1050">
     <span class='ocr_line' id='line_1_13' title="bbox 378 1013 1357 1050; baseline 0.002 -2"><span class='ocrx_word' id='word_1_100' title='bbox 378 1013 478 1048; x_wconf 90' lang='lat' dir='ltr'>TEN</span> <span class='ocrx_word' id='word_1_101' title='bbox 509 1014 689 1049; x_wconf 80' lang='lat' dir='ltr'>BREAM</span> <span class='ocrx_word' id='word_1_102' title='bbox 723 1014 822 1050; x_wconf 88' lang='lat' dir='ltr'>FOR</span> <span class='ocrx_word' id='word_1_103' title='bbox 854 1015 959 1050; x_wconf 88' lang='grc' dir='ltr'>ΤΙΙΕ</span> <span class='ocrx_word' id='word_1_104' title='bbox 993 1015 1150 1050; x_wconf 84' lang='lat' dir='ltr'>RIPON</span> <span class='ocrx_word' id='word_1_105' title='bbox 1182 1015 1357 1050; x_wconf 75' lang='lat' dir='ltr'><strong>PONDS.</strong></span> 
     </span>
    </p>
   </div>
   <div class='ocr_carea' id='block_1_5' title="bbox 261 1095 1462 1143">
    <p class='ocr_par' dir='ltr' id='par_1_5' title="bbox 261 1095 1462 1143">
     <span class='ocr_line' id='line_1_14' title="bbox 261 1095 1462 1143; baseline 0.002 -13"><span class='ocrx_word' id='word_1_106' title='bbox 261 1095 351 1130; x_wconf 78' lang='lat' dir='ltr'><strong>ROT.</strong></span> <span class='ocrx_word' id='word_1_107' title='bbox 369 1096 472 1130; x_wconf 80' lang='lat' dir='ltr'>LITT.</span> <span class='ocrx_word' id='word_1_108' title='bbox 485 1096 732 1140; x_wconf 74' lang='lat' dir='ltr'>CLAUSARUM,</span> <span class='ocrx_word' id='word_1_109' title='bbox 749 1108 783 1143; x_wconf 93' lang='lat' dir='ltr'>p.</span> <span class='ocrx_word' id='word_1_110' title='bbox 803 1098 886 1141; x_wconf 84' lang='lat'>515,</span> <span class='ocrx_word' id='word_1_111' title='bbox 903 1109 958 1132; x_wconf 87' lang='lat' dir='ltr'>an.</span> <span class='ocrx_word' id='word_1_112' title='bbox 978 1098 1000 1131; x_wconf 90' lang='lat'>6</span> <span class='ocrx_word' id='word_1_113' title='bbox 1018 1097 1114 1132; x_wconf 69' lang='grc' dir='ltr'><strong>ΗΘΒ.</strong></span> <span class='ocrx_word' id='word_1_114' title='bbox 1132 1097 1201 1132; x_wconf 91' lang='grc' dir='ltr'>ΙΠ.</span> <span class='ocrx_word' id='word_1_115' title='bbox 1223 1097 1392 1143; x_wconf 79' lang='lat' dir='ltr'>(Membr.</span> <span class='ocrx_word' id='word_1_116' title='bbox 1413 1099 1462 1143; x_wconf 89' lang='lat'>1.)</span> 
     </span>
    </p>
   </div>
   <div class='ocr_carea' id='block_1_6' title="bbox 96 1167 1869 1475">
    <p class='ocr_par' dir='ltr' id='par_1_6' title="bbox 96 1167 1869 1475">
     <span class='ocr_line' id='line_1_15' title="bbox 186 1167 1845 1222; baseline 0.005 -16"><span class='ocrx_word' id='word_1_117' title='bbox 186 1167 445 1207; x_wconf 78' lang='lat' dir='ltr'>Mandatum</span> <span class='ocrx_word' id='word_1_118' title='bbox 474 1171 542 1207; x_wconf 91' lang='lat' dir='ltr'>est</span> <span class='ocrx_word' id='word_1_119' title='bbox 573 1167 767 1208; x_wconf 87' lang='lat' dir='ltr'>Galfrido</span> <span class='ocrx_word' id='word_1_120' title='bbox 788 1169 841 1208; x_wconf 90' lang='lat' dir='ltr'>de</span> <span class='ocrx_word' id='word_1_121' title='bbox 874 1169 1021 1209; x_wconf 90' lang='lat' dir='ltr'>Neuill</span> <span class='ocrx_word' id='word_1_122' title='bbox 1053 1169 1167 1222; x_wconf 91' lang='lat' dir='ltr'>quod</span> <span class='ocrx_word' id='word_1_123' title='bbox 1189 1168 1317 1209; x_wconf 87' lang='lat' dir='ltr'>faciat</span> <span class='ocrx_word' id='word_1_124' title='bbox 1339 1168 1496 1210; x_wconf 87' lang='lat' dir='ltr'>habere</span> <span class='ocrx_word' id='word_1_125' title='bbox 1518 1171 1635 1211; x_wconf 83' lang='lat' dir='ltr'>Wal-</span> <span class='ocrx_word' id='word_1_126' title='bbox 1670 1194 1740 1214; x_wconf 53' lang='grc' dir='ltr'>Α».</span> <span class='ocrx_word' id='word_1_127' title='bbox 1758 1186 1845 1215; x_wconf 71' lang='lat'>1221.</span> 
     </span>
     <span class='ocr_line' id='line_1_16' title="bbox 97 1230 1869 1288; baseline 0.003 -19"><span class='ocrx_word' id='word_1_128' title='bbox 97 1234 241 1270; x_wconf 89' lang='lat' dir='ltr'>terum</span> <span class='ocrx_word' id='word_1_129' title='bbox 273 1230 654 1285; x_wconf 90' lang='lat' dir='ltr'>Archiepiscopum</span> <span class='ocrx_word' id='word_1_130' title='bbox 687 1247 714 1271; x_wconf 83' lang='lat' dir='ltr'><strong>x</strong></span> <span class='ocrx_word' id='word_1_131' title='bbox 745 1232 958 1272; x_wconf 82' lang='lat' dir='ltr'>breimas3</span> <span class='ocrx_word' id='word_1_132' title='bbox 988 1233 1040 1272; x_wconf 91' lang='lat' dir='ltr'>de</span> <span class='ocrx_word' id='word_1_133' title='bbox 1078 1233 1190 1272; x_wconf 91' lang='lat' dir='ltr'>dono</span> <span class='ocrx_word' id='word_1_134' title='bbox 1222 1238 1369 1273; x_wconf 88' lang='lat' dir='ltr'>nostro</span> <span class='ocrx_word' id='word_1_135' title='bbox 1401 1235 1445 1273; x_wconf 90' lang='lat' dir='ltr'>in</span> <span class='ocrx_word' id='word_1_136' title='bbox 1478 1235 1648 1275; x_wconf 82' lang='lat' dir='ltr'>vivario·</span> <span class='ocrx_word' id='word_1_137' title='bbox 1672 1241 1750 1288; x_wconf 46' lang='lat' dir='ltr'>Der</span> <span class='ocrx_word' id='word_1_138' title='bbox 1762 1242 1869 1271; x_wconf 73' lang='lat' dir='ltr'>bre‘mis</span> 
     </span>
     <span class='ocr_line' id='line_1_17' title="bbox 97 1281 1760 1352; baseline 0.003 -18"><span class='ocrx_word' id='word_1_139' title='bbox 97 1298 244 1334; x_wconf 77' lang='lat' dir='ltr'>nostro</span> <span class='ocrx_word' id='word_1_140' title='bbox 276 1296 329 1335; x_wconf 90' lang='lat' dir='ltr'>de</span> <span class='ocrx_word' id='word_1_141' title='bbox 358 1295 488 1335; x_wconf 86' lang='lat' dir='ltr'>Fosse</span> <span class='ocrx_word' id='word_1_142' title='bbox 524 1296 577 1335; x_wconf 89' lang='lat' dir='ltr'>ad</span> <span class='ocrx_word' id='word_1_143' title='bbox 611 1296 943 1336; x_wconf 86' lang='lat' dir='ltr'>instaurandum</span> <span class='ocrx_word' id='word_1_144' title='bbox 977 1297 1189 1336; x_wconf 78' lang='lat' dir='ltr'>vivarium</span> <span class='ocrx_word' id='word_1_145' title='bbox 1224 1311 1352 1336; x_wconf 90' lang='lat' dir='ltr'>suum</span> <span class='ocrx_word' id='word_1_146' title='bbox 1381 1298 1433 1337; x_wconf 87' lang='lat' dir='ltr'>de</span> <span class='ocrx_word' id='word_1_147' title='bbox 1472 1298 1634 1352; x_wconf 87' lang='lat' dir='ltr'>Ripun.</span> <span class='ocrx_word' id='word_1_148' title='bbox 1670 1281 1760 1310; x_wconf 57' lang='lat'>‘¹⁰⁰⁸‘</span> 
     </span>
     <span class='ocr_line' id='line_1_18' title="bbox 96 1359 1636 1415; baseline 0.003 -17"><span class='ocrx_word' id='word_1_149' title='bbox 96 1359 223 1398; x_wconf 86' lang='lat' dir='ltr'>Teste</span> <span class='ocrx_word' id='word_1_150' title='bbox 253 1359 483 1410; x_wconf 78' lang='lat' dir='ltr'>Huberto,⁴</span> <span class='ocrx_word' id='word_1_151' title='bbox 505 1364 587 1400; x_wconf 89' lang='lat' dir='ltr'>etc.</span> <span class='ocrx_word' id='word_1_152' title='bbox 619 1360 734 1413; x_wconf 86' lang='lat' dir='ltr'>apud</span> <span class='ocrx_word' id='word_1_153' title='bbox 754 1360 1206 1412; x_wconf 76' lang='lat' dir='ltr'>Westmonasterium,</span> <span class='ocrx_word' id='word_1_154' title='bbox 1228 1360 1296 1415; x_wconf 79' lang='lat' dir='ltr'>xxj</span> <span class='ocrx_word' id='word_1_155' title='bbox 1331 1361 1399 1401; x_wconf 89' lang='lat' dir='ltr'>die</span> <span class='ocrx_word' id='word_1_156' title='bbox 1425 1361 1636 1414; x_wconf 88' lang='lat' dir='ltr'>Octobris,</span> 
     </span>
     <span class='ocr_line' id='line_1_19' title="bbox 97 1423 414 1475; baseline 0.003 -13"><span class='ocrx_word' id='word_1_157' title='bbox 97 1436 172 1475; x_wconf 91' lang='lat' dir='ltr'>per</span> <span class='ocrx_word' id='word_1_158' title='bbox 193 1423 414 1463; x_wconf 82' lang='lat' dir='ltr'>eundem.⁵</span> 
     </span>
    </p>
   </div>
   <div class='ocr_carea' id='block_1_7' title="bbox 119 1535 1611 1632">
    <p class='ocr_par' dir='ltr' id='par_1_7' title="bbox 119 1535 1611 1632">
     <span class='ocr_line' id='line_1_20' title="bbox 119 1535 1611 1575; baseline 0.003 -6"><span class='ocrx_word' id='word_1_159' title='bbox 119 1535 481 1572; x_wconf 72' lang='lat' dir='ltr'>TRANSLATION</span> <span class='ocrx_word' id='word_1_160' title='bbox 521 1537 584 1572; x_wconf 89' lang='lat' dir='ltr'>OF</span> <span class='ocrx_word' id='word_1_161' title='bbox 625 1538 693 1573; x_wconf 82' lang='lat' dir='ltr'>ST.</span> <span class='ocrx_word' id='word_1_162' title='bbox 731 1537 1036 1573; x_wconf 81' lang='lat' dir='ltr'>WILFRITH’S</span> <span class='ocrx_word' id='word_1_163' title='bbox 1071 1539 1207 1574; x_wconf 82' lang='lat' dir='ltr'>BODY</span> <span class='ocrx_word' id='word_1_164' title='bbox 1242 1539 1309 1573; x_wconf 79' lang='lat' dir='ltr'>AT</span> <span class='ocrx_word' id='word_1_165' title='bbox 1352 1539 1507 1575; x_wconf 77' lang='lat' dir='ltr'>RIPON</span> <span class='ocrx_word' id='word_1_166' title='bbox 1542 1540 1611 1574; x_wconf 86' lang='lat' dir='ltr'>BY</span> 
     </span>
     <span class='ocr_line' id='line_1_21' title="bbox 603 1596 1127 1632; baseline 0.002 -1"><span class='ocrx_word' id='word_1_167' title='bbox 603 1596 937 1632; x_wconf 86' lang='lat' dir='ltr'>AROHBISHOP</span> <span class='ocrx_word' id='word_1_168' title='bbox 971 1598 1127 1632; x_wconf 79' lang='lat' dir='ltr'>GRAY.</span> 
     </span>
    </p>
   </div>
   <div class='ocr_carea' id='block_1_8' title="bbox 321 1669 1417 1718">
    <p class='ocr_par' dir='ltr' id='par_1_8' title="bbox 321 1669 1417 1718">
     <span class='ocr_line' id='line_1_22' title="bbox 321 1669 1417 1718; baseline 0.003 -15"><span class='ocrx_word' id='word_1_169' title='bbox 321 1669 449 1704; x_wconf 79' lang='lat' dir='ltr'>RIPON</span> <span class='ocrx_word' id='word_1_170' title='bbox 466 1670 647 1713; x_wconf 70' lang='lat' dir='ltr'>PSALTER,</span> <span class='ocrx_word' id='word_1_171' title='bbox 664 1670 703 1704; x_wconf 80' lang='lat' dir='ltr'>in</span> <span class='ocrx_word' id='word_1_172' title='bbox 719 1671 762 1704; x_wconf 87' lang='lat' dir='ltr'>F.</span> <span class='ocrx_word' id='word_1_173' title='bbox 787 1671 819 1704; x_wconf 90' lang='lat' dir='ltr'><em>T</em></span> <span class='ocrx_word' id='word_1_174' title='bbox 817 1673 925 1706; x_wconf 75' lang='lat' dir='ltr'>rmwl.</span> <span class='ocrx_word' id='word_1_175' title='bbox 946 1672 981 1705; x_wconf 81' lang='lat' dir='ltr'>S.</span> <span class='ocrx_word' id='word_1_176' title='bbox 1009 1671 1128 1717; x_wconf 75' lang='lat' dir='ltr'>Wilfr.</span> <span class='ocrx_word' id='word_1_177' title='bbox 1148 1672 1186 1705; x_wconf 74' lang='lat' dir='ltr'>in</span> <span class='ocrx_word' id='word_1_178' title='bbox 1203 1672 1347 1706; x_wconf 76' lang='lat' dir='ltr'>leceione</span> <span class='ocrx_word' id='word_1_179' title='bbox 1365 1671 1417 1718; x_wconf 86' lang='lat' dir='ltr'>iij.</span> 
     </span>
    </p>
   </div>
   <div class='ocr_carea' id='block_1_9' title="bbox 96 1739 1848 1859">
    <p class='ocr_par' dir='ltr' id='par_1_9' title="bbox 96 1739 1848 1859">
     <span class='ocr_line' id='line_1_23' title="bbox 185 1739 1848 1796; baseline 0.004 -18"><span class='ocrx_word' id='word_1_180' title='bbox 185 1739 425 1793; x_wconf 89' lang='lat' dir='ltr'>Elapsoque</span> <span class='ocrx_word' id='word_1_181' title='bbox 457 1740 600 1794; x_wconf 87' lang='lat' dir='ltr'>aliquo</span> <span class='ocrx_word' id='word_1_182' title='bbox 630 1746 839 1794; x_wconf 90' lang='lat' dir='ltr'>tempore,</span> <span class='ocrx_word' id='word_1_183' title='bbox 871 1741 1090 1781; x_wconf 79' lang='lat' dir='ltr'>walterus</span> <span class='ocrx_word' id='word_1_184' title='bbox 1123 1742 1253 1796; x_wconf 85' lang='lat' dir='ltr'>Gray,</span> <span class='ocrx_word' id='word_1_185' title='bbox 1285 1743 1411 1782; x_wconf 87' lang='lat' dir='ltr'>dictae</span> <span class='ocrx_word' id='word_1_186' title='bbox 1443 1744 1633 1784; x_wconf 69' lang='lat' dir='ltr'>ecclesiae</span> <span class='ocrx_word' id='word_1_187' title='bbox 1668 1770 1739 1792; x_wconf 59' lang='grc' dir='ltr'>ω,</span> <span class='ocrx_word' id='word_1_188' title='bbox 1758 1763 1848 1793; x_wconf 71' lang='lat'>1224.</span> 
     </span>
     <span class='ocr_line' id='line_1_24' title="bbox 96 1802 1768 1859; baseline 0.003 -17"><span class='ocrx_word' id='word_1_189' title='bbox 96 1802 275 1842; x_wconf 90' lang='lat' dir='ltr'>Eboraci</span> <span class='ocrx_word' id='word_1_190' title='bbox 296 1803 654 1858; x_wconf 87' lang='lat' dir='ltr'>archiepiscopus,</span> <span class='ocrx_word' id='word_1_191' title='bbox 676 1806 837 1845; x_wconf 90' lang='lat' dir='ltr'>iterum</span> <span class='ocrx_word' id='word_1_192' title='bbox 858 1819 1013 1858; x_wconf 87' lang='lat' dir='ltr'>corpus</span> <span class='ocrx_word' id='word_1_193' title='bbox 1037 1819 1163 1859; x_wconf 83' lang='lat' dir='ltr'>suum</span> <span class='ocrx_word' id='word_1_194' title='bbox 1187 1810 1384 1846; x_wconf 89' lang='lat' dir='ltr'>sanctum</span> <span class='ocrx_word' id='word_1_195' title='bbox 1406 1808 1452 1846; x_wconf 86' lang='lat' dir='ltr'>in</span> <span class='ocrx_word' id='word_1_196' title='bbox 1473 1807 1632 1848; x_wconf 90' lang='lat' dir='ltr'>feretro</span> <span class='ocrx_word' id='word_1_197' title='bbox 1668 1819 1768 1847; x_wconf 69' lang='lat' dir='ltr'>Arch-</span> 
     </span>
    </p>
   </div>
   <div class='ocr_carea' id='block_1_10' title="bbox 95 1859 1784 1926">
    <p class='ocr_par' dir='ltr' id='par_1_10' title="bbox 95 1859 1784 1926">
     <span class='ocr_line' id='line_1_25' title="bbox 95 1859 1784 1926; baseline 0.004 -20"><span class='ocrx_word' id='word_1_198' title='bbox 95 1879 198 1906; x_wconf 89' lang='lat' dir='ltr'>auro</span> <span class='ocrx_word' id='word_1_199' title='bbox 230 1871 275 1907; x_wconf 86' lang='lat' dir='ltr'>et</span> <span class='ocrx_word' id='word_1_200' title='bbox 315 1873 494 1922; x_wconf 86' lang='lat' dir='ltr'>argento</span> <span class='ocrx_word' id='word_1_201' title='bbox 525 1873 675 1909; x_wconf 91' lang='lat' dir='ltr'>ornato</span> <span class='ocrx_word' id='word_1_202' title='bbox 706 1883 730 1908; x_wconf 91' lang='lat' dir='ltr'>a</span> <span class='ocrx_word' id='word_1_203' title='bbox 761 1870 899 1909; x_wconf 80' lang='lat' dir='ltr'>veteri</span> <span class='ocrx_word' id='word_1_204' title='bbox 940 1870 1115 1923; x_wconf 86' lang='lat' dir='ltr'>capsula</span> <span class='ocrx_word' id='word_1_205' title='bbox 1146 1870 1334 1910; x_wconf 90' lang='lat' dir='ltr'>secundo</span> <span class='ocrx_word' id='word_1_206' title='bbox 1365 1871 1434 1910; x_wconf 90' lang='lat' dir='ltr'>die</span> <span class='ocrx_word' id='word_1_207' title='bbox 1476 1872 1631 1912; x_wconf 86' lang='lat' dir='ltr'>natalis</span> <span class='ocrx_word' id='word_1_208' title='bbox 1667 1859 1784 1926; x_wconf 52' lang='grc' dir='ltr'>ἔζιξζξῗῑζ.</span> 
     </span>
    </p>
   </div>
   <div class='ocr_carea' id='block_1_11' title="bbox 94 1930 1864 2053">
    <p class='ocr_par' dir='ltr' id='par_1_11' title="bbox 94 1930 1864 2053">
     <span class='ocr_line' id='line_1_26' title="bbox 95 1930 1855 2005; baseline 0.003 -34"><span class='ocrx_word' id='word_1_209' title='bbox 95 1930 284 1982; x_wconf 89' lang='lat' dir='ltr'>Domini,</span> <span class='ocrx_word' id='word_1_210' title='bbox 315 1945 427 1972; x_wconf 90' lang='lat' dir='ltr'>anno</span> <span class='ocrx_word' id='word_1_211' title='bbox 458 1933 692 1973; x_wconf 87' lang='lat' dir='ltr'>Dominicae</span> <span class='ocrx_word' id='word_1_212' title='bbox 724 1934 1040 1973; x_wconf 87' lang='lat' dir='ltr'>Incarnacionis</span> <span class='ocrx_word' id='word_1_213' title='bbox 1072 1934 1302 1974; x_wconf 86' lang='lat' dir='ltr'>millesimo</span> <span class='ocrx_word' id='word_1_214' title='bbox 1333 1935 1631 1976; x_wconf 89' lang='lat' dir='ltr'>ducentesimo</span> <span class='ocrx_word' id='word_1_215' title='bbox 1665 1937 1855 2005; x_wconf 45' lang='grc' dir='ltr'>ξῑΐθξῗῑϋξζξζῗ</span> 
     </span>
     <span class='ocr_line' id='line_1_27' title="bbox 94 1993 1864 2053; baseline 0.006 -19"><span class='ocrx_word' id='word_1_216' title='bbox 94 1996 297 2035; x_wconf 84' lang='lat' dir='ltr'>vicesimo</span> <span class='ocrx_word' id='word_1_217' title='bbox 339 2001 504 2049; x_wconf 86' lang='lat' dir='ltr'>quarto,</span> <span class='ocrx_word' id='word_1_218' title='bbox 535 1996 769 2036; x_wconf 91' lang='lat' dir='ltr'>honorifice</span> <span class='ocrx_word' id='word_1_219' title='bbox 801 1997 1044 2047; x_wconf 88' lang='lat' dir='ltr'>transtulit,</span> <span class='ocrx_word' id='word_1_220' title='bbox 1077 1999 1336 2051; x_wconf 86' lang='lat' dir='ltr'>respiciente</span> <span class='ocrx_word' id='word_1_221' title='bbox 1368 1998 1443 2038; x_wconf 93' lang='lat' dir='ltr'>illo</span> <span class='ocrx_word' id='word_1_222' title='bbox 1475 2013 1629 2053; x_wconf 87' lang='lat' dir='ltr'>corpus</span> <span class='ocrx_word' id='word_1_223' title='bbox 1664 1994 1766 2045; x_wconf 49' lang='grc' dir='ltr'>ᾗῂὶι]</span> <span class='ocrx_word' id='word_1_224' title='bbox 1852 1993 1864 1998; x_wconf 52' lang='grc'><em>”</em></span> 
     </span>
    </p>
   </div>
   <div class='ocr_carea' id='block_1_12' title="bbox 92 2058 1629 2420">
    <p class='ocr_par' dir='ltr' id='par_1_12' title="bbox 92 2058 1629 2420">
     <span class='ocr_line' id='line_1_28' title="bbox 94 2058 1629 2114; baseline 0.004 -16"><span class='ocrx_word' id='word_1_225' title='bbox 94 2058 290 2112; x_wconf 86' lang='lat' dir='ltr'>ejusdem</span> <span class='ocrx_word' id='word_1_226' title='bbox 333 2060 479 2100; x_wconf 83' lang='lat' dir='ltr'>Sancti</span> <span class='ocrx_word' id='word_1_227' title='bbox 519 2060 710 2100; x_wconf 79' lang='lat' dir='ltr'>wilfi-idi</span> <span class='ocrx_word' id='word_1_228' title='bbox 750 2061 872 2100; x_wconf 91' lang='lat' dir='ltr'>nullo</span> <span class='ocrx_word' id='word_1_229' title='bbox 912 2060 1072 2114; x_wconf 88' lang='lat' dir='ltr'>majore</span> <span class='ocrx_word' id='word_1_230' title='bbox 1115 2062 1182 2101; x_wconf 91' lang='lat' dir='ltr'>vel</span> <span class='ocrx_word' id='word_1_231' title='bbox 1221 2063 1388 2102; x_wconf 87' lang='lat' dir='ltr'>minore</span> <span class='ocrx_word' id='word_1_232' title='bbox 1431 2077 1523 2103; x_wconf 88' lang='lat' dir='ltr'>osse</span> <span class='ocrx_word' id='word_1_233' title='bbox 1561 2065 1629 2104; x_wconf 83' lang='lat' dir='ltr'>vel</span> 
     </span>
     <span class='ocr_line' id='line_1_29' title="bbox 94 2123 1627 2180; baseline 0.003 -18"><span class='ocrx_word' id='word_1_234' title='bbox 94 2123 287 2173; x_wconf 77' lang='lat' dir='ltr'>articulo,</span> <span class='ocrx_word' id='word_1_235' title='bbox 311 2128 361 2163; x_wconf 89' lang='lat' dir='ltr'>ut</span> <span class='ocrx_word' id='word_1_236' title='bbox 381 2138 457 2177; x_wconf 91' lang='lat' dir='ltr'>pro</span> <span class='ocrx_word' id='word_1_237' title='bbox 485 2129 602 2164; x_wconf 87' lang='lat' dir='ltr'>certo</span> <span class='ocrx_word' id='word_1_238' title='bbox 623 2125 821 2175; x_wconf 87' lang='lat' dir='ltr'>credidit,</span> <span class='ocrx_word' id='word_1_239' title='bbox 843 2125 1085 2165; x_wconf 88' lang='lat' dir='ltr'>deficiente.</span> <span class='ocrx_word' id='word_1_240' title='bbox 1149 2125 1288 2179; x_wconf 87' lang='lat' dir='ltr'>Caput</span> <span class='ocrx_word' id='word_1_241' title='bbox 1309 2131 1458 2166; x_wconf 79' lang='lat' dir='ltr'>autem</span> <span class='ocrx_word' id='word_1_242' title='bbox 1489 2129 1627 2180; x_wconf 89' lang='lat' dir='ltr'>ipsius</span> 
     </span>
     <span class='ocr_line' id='line_1_30' title="bbox 93 2185 1626 2241; baseline 0.003 -15"><span class='ocrx_word' id='word_1_243' title='bbox 93 2185 209 2226; x_wconf 89' lang='lat' dir='ltr'>beati</span> <span class='ocrx_word' id='word_1_244' title='bbox 230 2188 362 2240; x_wconf 86' lang='lat' dir='ltr'>patris</span> <span class='ocrx_word' id='word_1_245' title='bbox 383 2188 509 2228; x_wconf 76' lang='lat' dir='ltr'>duxit</span> <span class='ocrx_word' id='word_1_246' title='bbox 530 2189 719 2228; x_wconf 78' lang='lat' dir='ltr'>exterius</span> <span class='ocrx_word' id='word_1_247' title='bbox 735 2189 992 2228; x_wconf 84' lang='lat' dir='ltr'>servandum</span> <span class='ocrx_word' id='word_1_248' title='bbox 1009 2193 1055 2228; x_wconf 87' lang='lat' dir='ltr'>et</span> <span class='ocrx_word' id='word_1_249' title='bbox 1068 2188 1299 2230; x_wconf 88' lang='lat' dir='ltr'>honorifice</span> <span class='ocrx_word' id='word_1_250' title='bbox 1313 2190 1626 2241; x_wconf 85' lang='lat' dir='ltr'>collocandum,</span> 
     </span>
     <span class='ocr_line' id='line_1_31' title="bbox 93 2250 1626 2308; baseline 0.003 -18"><span class='ocrx_word' id='word_1_251' title='bbox 93 2255 144 2289; x_wconf 90' lang='lat' dir='ltr'>ut</span> <span class='ocrx_word' id='word_1_252' title='bbox 165 2250 258 2304; x_wconf 85' lang='lat' dir='ltr'>ejus</span> <span class='ocrx_word' id='word_1_253' title='bbox 280 2252 442 2291; x_wconf 84' lang='lat' dir='ltr'>visione</span> <span class='ocrx_word' id='word_1_254' title='bbox 465 2256 509 2292; x_wconf 91' lang='lat' dir='ltr'>et</span> <span class='ocrx_word' id='word_1_255' title='bbox 530 2252 636 2292; x_wconf 88' lang='lat' dir='ltr'>fides</span> <span class='ocrx_word' id='word_1_256' title='bbox 657 2252 852 2292; x_wconf 90' lang='lat' dir='ltr'>fidelium</span> <span class='ocrx_word' id='word_1_257' title='bbox 874 2253 1112 2303; x_wconf 89' lang='lat' dir='ltr'>roboretur,</span> <span class='ocrx_word' id='word_1_258' title='bbox 1127 2258 1172 2293; x_wconf 87' lang='lat' dir='ltr'>et</span> <span class='ocrx_word' id='word_1_259' title='bbox 1193 2254 1368 2293; x_wconf 85' lang='lat' dir='ltr'>devocio</span> <span class='ocrx_word' id='word_1_260' title='bbox 1381 2257 1626 2308; x_wconf 81' lang='lat' dir='ltr'>augeatur‚⁶</span> 
     </span>
     <span class='ocr_line' id='line_1_32' title="bbox 92 2314 1624 2372; baseline 0.003 -19"><span class='ocrx_word' id='word_1_261' title='bbox 92 2314 144 2353; x_wconf 86' lang='lat' dir='ltr'>ad</span> <span class='ocrx_word' id='word_1_262' title='bbox 165 2314 338 2354; x_wconf 87' lang='lat' dir='ltr'>laudem</span> <span class='ocrx_word' id='word_1_263' title='bbox 359 2315 534 2355; x_wconf 89' lang='lat' dir='ltr'>Domini</span> <span class='ocrx_word' id='word_1_264' title='bbox 555 2317 691 2356; x_wconf 87' lang='lat' dir='ltr'>nostri</span> <span class='ocrx_word' id='word_1_265' title='bbox 713 2315 797 2355; x_wconf 77' lang='lat' dir='ltr'>Ihfi</span> <span class='ocrx_word' id='word_1_266' title='bbox 820 2315 995 2366; x_wconf 83' lang='lat' dir='ltr'>Christi,</span> <span class='ocrx_word' id='word_1_267' title='bbox 1018 2317 1088 2356; x_wconf 90' lang='lat' dir='ltr'>cui</span> <span class='ocrx_word' id='word_1_268' title='bbox 1111 2318 1167 2357; x_wconf 88' lang='lat' dir='ltr'>sit</span> <span class='ocrx_word' id='word_1_269' title='bbox 1188 2316 1322 2356; x_wconf 89' lang='lat' dir='ltr'>honor</span> <span class='ocrx_word' id='word_1_270' title='bbox 1345 2322 1390 2357; x_wconf 87' lang='lat' dir='ltr'>et</span> <span class='ocrx_word' id='word_1_271' title='bbox 1410 2318 1548 2372; x_wconf 84' lang='lat' dir='ltr'>gloria</span> <span class='ocrx_word' id='word_1_272' title='bbox 1579 2321 1624 2358; x_wconf 89' lang='lat' dir='ltr'>in</span> 
     </span>
     <span class='ocr_line' id='line_1_33' title="bbox 93 2378 743 2420; baseline 0.005 -3"><span class='ocrx_word' id='word_1_273' title='bbox 93 2378 244 2418; x_wconf 85' lang='lat' dir='ltr'>saecula</span> <span class='ocrx_word' id='word_1_274' title='bbox 264 2379 529 2419; x_wconf 79' lang='lat' dir='ltr'>saeculorum.</span> <span class='ocrx_word' id='word_1_275' title='bbox 590 2380 743 2420; x_wconf 87' lang='lat' dir='ltr'>Amen.</span> 
     </span>
    </p>
   </div>
   <div class='ocr_carea' id='block_1_13' title="bbox 89 2459 1620 2926">
    <p class='ocr_par' dir='ltr' id='par_1_13' title="bbox 163 2459 1366 2508">
     <span class='ocr_line' id='line_1_34' title="bbox 163 2459 1366 2508; baseline 0.002 -15"><span class='ocrx_word' id='word_1_276' title='bbox 163 2460 219 2503; x_wconf 92' lang='grc'>(1)</span> <span class='ocrx_word' id='word_1_277' title='bbox 247 2459 305 2493; x_wconf 89' lang='lat' dir='ltr'>He</span> <span class='ocrx_word' id='word_1_278' title='bbox 323 2460 445 2494; x_wconf 79' lang='lat' dir='ltr'>would</span> <span class='ocrx_word' id='word_1_279' title='bbox 462 2460 547 2494; x_wconf 85' lang='lat' dir='ltr'>thus</span> <span class='ocrx_word' id='word_1_280' title='bbox 563 2460 606 2495; x_wconf 83' lang='lat' dir='ltr'>be</span> <span class='ocrx_word' id='word_1_281' title='bbox 623 2473 709 2495; x_wconf 81' lang='lat' dir='ltr'>near</span> <span class='ocrx_word' id='word_1_282' title='bbox 725 2461 782 2495; x_wconf 84' lang='lat' dir='ltr'>his</span> <span class='ocrx_word' id='word_1_283' title='bbox 799 2461 858 2495; x_wconf 93' lang='lat' dir='ltr'>old</span> <span class='ocrx_word' id='word_1_284' title='bbox 877 2467 1082 2508; x_wconf 85' lang='lat' dir='ltr'>monastery</span> <span class='ocrx_word' id='word_1_285' title='bbox 1099 2461 1140 2496; x_wconf 87' lang='lat' dir='ltr'>of</span> <span class='ocrx_word' id='word_1_286' title='bbox 1155 2461 1366 2497; x_wconf 83' lang='lat' dir='ltr'>Fountains.</span> 
     </span>
    </p>

    <p class='ocr_par' dir='ltr' id='par_1_14' title="bbox 165 2511 872 2559">
     <span class='ocr_line' id='line_1_35' title="bbox 165 2511 872 2559; baseline 0.004 -15"><span class='ocrx_word' id='word_1_287' title='bbox 165 2512 221 2554; x_wconf 79' lang='grc'>(2)</span> <span class='ocrx_word' id='word_1_288' title='bbox 248 2511 475 2546; x_wconf 77' lang='lat' dir='ltr'>Afterwards</span> <span class='ocrx_word' id='word_1_289' title='bbox 491 2512 620 2559; x_wconf 86' lang='lat' dir='ltr'>bishop</span> <span class='ocrx_word' id='word_1_290' title='bbox 638 2513 678 2547; x_wconf 88' lang='lat' dir='ltr'>of</span> <span class='ocrx_word' id='word_1_291' title='bbox 699 2513 872 2547; x_wconf 84' lang='lat' dir='ltr'>Durham.</span> 
     </span>
    </p>

    <p class='ocr_par' dir='ltr' id='par_1_15' title="bbox 162 2564 897 2610">
     <span class='ocr_line' id='line_1_36' title="bbox 162 2564 897 2610; baseline 0.004 -13"><span class='ocrx_word' id='word_1_292' title='bbox 162 2564 218 2606; x_wconf 82' lang='lat'>(3)</span> <span class='ocrx_word' id='word_1_293' title='bbox 246 2564 408 2610; x_wconf 84' lang='lat' dir='ltr'>Perhaps</span> <span class='ocrx_word' id='word_1_294' title='bbox 426 2566 435 2584; x_wconf 86' lang='lat'>‘</span> <span class='ocrx_word' id='word_1_295' title='bbox 449 2564 622 2608; x_wconf 80' lang='lat' dir='ltr'>brennas‚’</span> <span class='ocrx_word' id='word_1_296' title='bbox 640 2577 681 2599; x_wconf 88' lang='lat' dir='ltr'>or</span> <span class='ocrx_word' id='word_1_297' title='bbox 697 2568 706 2584; x_wconf 89' lang='lat'>‘</span> <span class='ocrx_word' id='word_1_298' title='bbox 719 2565 897 2600; x_wconf 84' lang='lat' dir='ltr'>bremias.&#39;</span> 
     </span>
    </p>

    <p class='ocr_par' dir='ltr' id='par_1_16' title="bbox 164 2616 879 2663">
     <span class='ocr_line' id='line_1_37' title="bbox 164 2616 879 2663; baseline 0.006 -14"><span class='ocrx_word' id='word_1_299' title='bbox 164 2616 217 2659; x_wconf 86' lang='lat'>(4)</span> <span class='ocrx_word' id='word_1_300' title='bbox 245 2616 300 2651; x_wconf 89' lang='lat' dir='ltr'>Sc.</span> <span class='ocrx_word' id='word_1_301' title='bbox 318 2617 362 2651; x_wconf 87' lang='lat' dir='ltr'>de</span> <span class='ocrx_word' id='word_1_302' title='bbox 380 2617 515 2663; x_wconf 84' lang='lat' dir='ltr'>Burgo,</span> <span class='ocrx_word' id='word_1_303' title='bbox 529 2617 729 2663; x_wconf 82' lang='lat' dir='ltr'>justiciario</span> <span class='ocrx_word' id='word_1_304' title='bbox 746 2623 879 2653; x_wconf 85' lang='lat' dir='ltr'>nostro.</span> 
     </span>
    </p>

    <p class='ocr_par' dir='ltr' id='par_1_17' title="bbox 89 2668 1619 2819">
     <span class='ocr_line' id='line_1_38' title="bbox 161 2668 1619 2718; baseline 0.004 -16"><span class='ocrx_word' id='word_1_305' title='bbox 161 2668 218 2713; x_wconf 84' lang='lat'>(5)</span> <span class='ocrx_word' id='word_1_306' title='bbox 245 2668 302 2703; x_wconf 88' lang='lat' dir='ltr'>Sc.</span> <span class='ocrx_word' id='word_1_307' title='bbox 321 2668 540 2704; x_wconf 87' lang='lat' dir='ltr'>Hubertum.</span> <span class='ocrx_word' id='word_1_308' title='bbox 591 2670 705 2704; x_wconf 87' lang='lat' dir='ltr'>There</span> <span class='ocrx_word' id='word_1_309' title='bbox 729 2669 759 2704; x_wconf 83' lang='lat' dir='ltr'>is</span> <span class='ocrx_word' id='word_1_310' title='bbox 776 2682 796 2704; x_wconf 86' lang='lat' dir='ltr'>a</span> <span class='ocrx_word' id='word_1_311' title='bbox 820 2671 917 2716; x_wconf 89' lang='lat' dir='ltr'>pond</span> <span class='ocrx_word' id='word_1_312' title='bbox 943 2675 981 2704; x_wconf 85' lang='lat' dir='ltr'>at</span> <span class='ocrx_word' id='word_1_313' title='bbox 1006 2671 1127 2717; x_wconf 87' lang='lat' dir='ltr'>Ripon</span> <span class='ocrx_word' id='word_1_314' title='bbox 1145 2671 1258 2705; x_wconf 81' lang='lat' dir='ltr'>Parks</span> <span class='ocrx_word' id='word_1_315' title='bbox 1276 2672 1482 2718; x_wconf 78' lang='lat' dir='ltr'>containing</span> <span class='ocrx_word' id='word_1_316' title='bbox 1500 2675 1619 2714; x_wconf 81' lang='lat' dir='ltr'>tench,</span> 
     </span>
     <span class='ocr_line' id='line_1_39' title="bbox 89 2719 1619 2772; baseline 0.005 -19"><span class='ocrx_word' id='word_1_317' title='bbox 89 2719 234 2754; x_wconf 85' lang='lat' dir='ltr'>‘Dutch</span> <span class='ocrx_word' id='word_1_318' title='bbox 259 2721 367 2767; x_wconf 87' lang='lat' dir='ltr'>carp‚’</span> <span class='ocrx_word' id='word_1_319' title='bbox 387 2722 460 2756; x_wconf 81' lang='lat' dir='ltr'>and</span> <span class='ocrx_word' id='word_1_320' title='bbox 485 2722 577 2767; x_wconf 83' lang='lat' dir='ltr'>pike,</span> <span class='ocrx_word' id='word_1_321' title='bbox 602 2727 641 2756; x_wconf 89' lang='lat' dir='ltr'>to</span> <span class='ocrx_word' id='word_1_322' title='bbox 667 2722 790 2757; x_wconf 75' lang='lat' dir='ltr'>which</span> <span class='ocrx_word' id='word_1_323' title='bbox 813 2723 843 2757; x_wconf 81' lang='lat' dir='ltr'>is</span> <span class='ocrx_word' id='word_1_324' title='bbox 867 2723 1038 2758; x_wconf 83' lang='lat' dir='ltr'>attached</span> <span class='ocrx_word' id='word_1_325' title='bbox 1056 2736 1076 2757; x_wconf 82' lang='lat' dir='ltr'>a</span> <span class='ocrx_word' id='word_1_326' title='bbox 1094 2724 1185 2758; x_wconf 80' lang='lat' dir='ltr'>local</span> <span class='ocrx_word' id='word_1_327' title='bbox 1213 2723 1384 2759; x_wconf 83' lang='lat' dir='ltr'>tradition</span> <span class='ocrx_word' id='word_1_328' title='bbox 1413 2725 1495 2759; x_wconf 83' lang='lat' dir='ltr'>that</span> <span class='ocrx_word' id='word_1_329' title='bbox 1522 2726 1619 2772; x_wconf 82' lang='lat' dir='ltr'>King</span> 
     </span>
     <span class='ocr_line' id='line_1_40' title="bbox 90 2771 1142 2819; baseline 0.005 -14"><span class='ocrx_word' id='word_1_330' title='bbox 90 2771 185 2805; x_wconf 81' lang='lat' dir='ltr'>Jolm</span> <span class='ocrx_word' id='word_1_331' title='bbox 202 2778 281 2806; x_wconf 83' lang='lat' dir='ltr'>sent·</span> <span class='ocrx_word' id='word_1_332' title='bbox 298 2773 360 2807; x_wconf 86' lang='lat' dir='ltr'>the</span> <span class='ocrx_word' id='word_1_333' title='bbox 378 2773 606 2819; x_wconf 75' lang='lat' dir='ltr'>Archbishop</span> <span class='ocrx_word' id='word_1_334' title='bbox 623 2780 683 2808; x_wconf 87' lang='lat' dir='ltr'>ten</span> <span class='ocrx_word' id='word_1_335' title='bbox 700 2776 799 2809; x_wconf 66' lang='lat' dir='ltr'>leuch</span> <span class='ocrx_word' id='word_1_336' title='bbox 817 2781 855 2810; x_wconf 85' lang='lat' dir='ltr'>to</span> <span class='ocrx_word' id='word_1_337' title='bbox 872 2775 974 2810; x_wconf 84' lang='lat' dir='ltr'>stock</span> <span class='ocrx_word' id='word_1_338' title='bbox 993 2775 1021 2809; x_wconf 90' lang='lat' dir='ltr'>it</span> <span class='ocrx_word' id='word_1_339' title='bbox 1039 2775 1142 2810; x_wconf 81' lang='lat' dir='ltr'>with.</span> 
     </span>
    </p>

    <p class='ocr_par' dir='ltr' id='par_1_18' title="bbox 91 2825 1620 2926">
     <span class='ocr_line' id='line_1_41' title="bbox 163 2825 1620 2875; baseline 0.005 -17"><span class='ocrx_word' id='word_1_340' title='bbox 163 2825 218 2867; x_wconf 89' lang='grc'>(6)</span> <span class='ocrx_word' id='word_1_341' title='bbox 246 2825 330 2859; x_wconf 90' lang='lat' dir='ltr'>This</span> <span class='ocrx_word' id='word_1_342' title='bbox 347 2830 429 2871; x_wconf 85' lang='lat' dir='ltr'>part</span> <span class='ocrx_word' id='word_1_343' title='bbox 445 2826 485 2860; x_wconf 86' lang='lat' dir='ltr'>of</span> <span class='ocrx_word' id='word_1_344' title='bbox 498 2827 560 2860; x_wconf 86' lang='lat' dir='ltr'>the</span> <span class='ocrx_word' id='word_1_345' title='bbox 576 2827 706 2861; x_wconf 85' lang='lat' dir='ltr'>lection</span> <span class='ocrx_word' id='word_1_346' title='bbox 724 2828 788 2861; x_wconf 83' lang='lat' dir='ltr'>has</span> <span class='ocrx_word' id='word_1_347' title='bbox 804 2827 985 2873; x_wconf 75' lang='lat' dir='ltr'>evidently</span> <span class='ocrx_word' id='word_1_348' title='bbox 998 2827 1086 2862; x_wconf 85' lang='lat' dir='ltr'>been</span> <span class='ocrx_word' id='word_1_349' title='bbox 1103 2828 1208 2863; x_wconf 75' lang='lat' dir='ltr'>taken</span> <span class='ocrx_word' id='word_1_350' title='bbox 1224 2828 1314 2862; x_wconf 85' lang='lat' dir='ltr'>from</span> <span class='ocrx_word' id='word_1_351' title='bbox 1328 2829 1388 2863; x_wconf 82' lang='lat' dir='ltr'>the</span> <span class='ocrx_word' id='word_1_352' title='bbox 1401 2829 1620 2875; x_wconf 75' lang='lat' dir='ltr'>Indulgence</span> 
     </span>
     <span class='ocr_line' id='line_1_42' title="bbox 91 2875 1057 2926; baseline 0.005 -17"><span class='ocrx_word' id='word_1_353' title='bbox 91 2875 131 2909; x_wconf 89' lang='lat' dir='ltr'>of</span> <span class='ocrx_word' id='word_1_354' title='bbox 152 2876 361 2923; x_wconf 77' lang='lat' dir='ltr'>archbishop</span> <span class='ocrx_word' id='word_1_355' title='bbox 379 2877 491 2924; x_wconf 68' lang='lat' dir='ltr'>Gray,</span> <span class='ocrx_word' id='word_1_356' title='bbox 510 2879 653 2924; x_wconf 82' lang='lat' dir='ltr'>printed</span> <span class='ocrx_word' id='word_1_357' title='bbox 671 2880 915 2926; x_wconf 73' lang='lat' dir='ltr'>immediately</span> <span class='ocrx_word' id='word_1_358' title='bbox 931 2879 1057 2915; x_wconf 72' lang='lat' dir='ltr'>below.</span> 
     </span>
    </p>
   </div>
   <div class='ocr_carea' id='block_1_14' title="bbox 847 2945 871 2972">
    <p class='ocr_par' dir='ltr' id='par_1_19' title="bbox 847 2945 871 2972">
     <span class='ocr_line' id='line_1_43' title="bbox 847 2945 871 2972; baseline 0 0"><span class='ocrx_word' id='word_1_359' title='bbox 847 2945 871 2972; x_wconf 83' lang='lat' dir='ltr'>E</span> 
     </span>
    </p>
   </div>
  </div>
 </body>
</html>
