1915 3068
37 148 98 195 38

36 285 107 330 able
121 286 154 313 to
171 283 236 313 live

39 333 73 353 111
89 333 191 362 peace.

41 539 109 570 Odo
123 538 228 567 leaves

41 589 60 608 a
77 579 168 607 small

40 618 162 656 portion
178 617 211 646 in

42 658 158 695 Ripon‚

44 864 103 892 but
118 871 164 891 re-

45 911 150 932 moves
165 901 220 930 the

46 942 131 971 chief
149 944 220 978 part

46 982 81 1010 of
100 981 154 1009 the
169 989 216 1009 re-

47 1021 151 1049 mains
166 1022 199 1049 to

46 1060 176 1089 Canter-

47 1100 138 1137 bury.

56 1829 188 1859 Canter-

58 1870 143 1906 bury

54 1906 232 1938 Cathedral

59 1949 168 1981 bui-nt,

58 1996 125 2015 111).
145 1986 230 2015 1067.

61 2083 219 2113 Lanfranc

61 2123 201 2152 rcbuilds

62 2164 117 2192 the
140 2161 259 2191 church

64 2202 126 2230 and
141 2211 192 2231 en-

62 2242 183 2270 shrine-s

64 2279 240 2309 u'ilfrith’s

64 2320 155 2348 relies
170 2329 209 2348 on

65 2360 117 2388 the
133 2361 213 2387 feast

65 2399 99 2426 of
118 2399 167 2427 his
183 2400 190 2413 ⁴
204 2397 264 2427 De-

65 2437 220 2475 position‚'

64 2487 90 2506 c.
100 2477 264 2506 A.1›.1077.

751 159 1028 193 MEMORIALS
1063 160 1122 193 OF
1157 161 1318 194 RIPON.

270 272 356 312 illis
388 272 530 312 visum
550 272 650 322 fuit,
671 276 723 313 ut
742 273 831 313 illic
852 276 1048 312 mortuus
1069 273 1114 312 in
1143 286 1246 326 pace
1272 274 1528 326 quiesceret,
1548 273 1625 314 ubi
1656 272 1806 314 vivens

272 337 319 376 in
360 350 463 390 pace
500 337 679 390 quievit.
740 337 904 377 Praeter
945 335 1036 376 haec
1072 350 1242 390 quoque
1283 336 1464 377 affectus
1496 338 1603 377 sacri
1634 338 1806 388 amoris,

274 415 403 453 quem
439 401 493 441 ad
524 401 819 441 venerandum
851 400 1047 441 Odonem
1076 399 1307 452 habebant,
1339 402 1525 441 maxima
1555 415 1682 442 causa
1707 401 1806 442 fuit.

274 465 387 504 Nam
410 465 612 518 quoniam
632 465 759 504 illum
779 465 883 504 talia
904 465 1016 505 dona
1036 465 1216 519 diligere
1238 469 1460 515 noverant,
1477 467 1524 505 in
1543 464 1625 506 hoc
1648 479 1691 505 se
1714 464 1808 519 ejus

275 529 498 569 dilectioni
533 543 695 569 morem
731 525 882 583 gerere
921 529 1130 569 veraciter
1170 529 1490 583 intelligebant.
1552 530 1619 569 Ne
1660 534 1808 569 tamen

275 593 406 643 locus,
429 607 559 646 quem
580 593 671 646 ipse
694 593 854 633 Beatus
876 592 1117 644 wilfridus,
1131 593 1236 633 dum
1251 593 1298 632 in
1315 607 1486 646 corpore
1508 593 1700 647 degeret,
1721 606 1809 646 prae

276 658 441 697 caeteris
481 658 655 708 amavit,
686 657 791 710 ipsis
822 656 1017 710 reliquiis
1047 657 1223 709 penitus
1253 657 1509 710 privaretur,
1541 657 1810 710 aliquantula

279 735 427 761 earum
457 734 554 774 pars
584 721 638 760 ab
670 722 731 761 eis
764 724 830 761 est
860 734 959 761 cum
990 720 1167 774 pulvere
1197 724 1335 772 tenta,
1366 725 1496 774 atque
1527 722 1574 760 in
1594 721 1686 761 loco
1707 733 1809 760 con-

277 786 471 826 venienti
491 785 698 838 deposita.

365 850 497 889 Porro
539 849 796 889 venerabilis
834 848 938 900 Odo,
970 852 1094 889 tanto
1135 863 1315 890 munere
1357 849 1662 902 locupletatus,
1704 847 1813 889 Can-

278 914 461 954 tuariam
502 914 645 963 rediit,
686 914 762 953 ubi
804 927 961 967 magna
1001 914 1138 953 totius
1180 914 1368 953 civitatis
1411 913 1676 953 exultatione
1719 926 1812 952 sus-

280 981 447 1031 ceptus,
470 981 515 1017 et
536 978 583 1017 in
605 977 747 1017 aulam
768 977 850 1017 Dei
869 991 983 1017 sacra
1004 992 1103 1017 cum
1119 977 1245 1017 laude
1262 978 1510 1030 perductus,
1526 977 1814 1017 sanctissimas

280 1043 405 1083 Beati
427 1041 617 1082 Wssfridi
648 1042 850 1095 reliquias
882 1055 987 1095 quas
1017 1030 1260 1092 advexerat,
1282 1042 1327 1080 in
1359 1041 1520 1094 majore
1551 1041 1677 1081 altari
1699 1040 1813 1094 quod

279 1108 326 1147 in
357 1106 564 1146 honorem
594 1106 768 1146 Domini
801 1107 938 1146 nostri
969 1105 1107 1146 Jhesu
1130 1105 1289 1147 Christi
1322 1109 1533 1145 sacratum
1556 1109 1662 1156 erat,
1684 1105 1814 1145 collo-

281 1171 408 1211 cavit.
471 1170 563 1218 Qua
588 1171 642 1210 de
663 1184 724 1221 re,
746 1184 801 1210 ne
833 1171 1077 1224 posteritati
1108 1170 1306 1210 dubietas
1327 1170 1417 1209 ulla
1436 1173 1699 1220 nasceretur,
1719 1169 1813 1222 ipse

282 1238 419 1288 pater,
443 1235 517 1288 qui
540 1234 712 1274 easdem
733 1234 935 1288 reliquias
967 1235 1172 1287 suscepit,
1192 1234 1432 1285 transtulit,
1454 1247 1515 1284 ac,
1537 1236 1589 1273 ut
1609 1234 1812 1284 diximus,

281 1300 328 1339 in
359 1299 484 1339 altari
514 1299 770 1344 recondidit,
791 1300 838 1339 in
869 1299 1051 1353 Prologo
1081 1300 1217 1353 ipsius
1247 1300 1400 1352 operis,
1422 1298 1535 1352 quod
1563 1299 1616 1338 de
1647 1299 1738 1338 vita
1769 1300 1814 1337 et

282 1364 604 1404 conversatione
637 1363 728 1417 ejus
762 1364 946 1417 scripsit,
979 1362 1069 1404 haec
1101 1377 1195 1417 quae
1227 1363 1415 1404 diximus
1445 1363 1565 1403 brevi
1598 1362 1816 1403 sententia

283 1428 600 1483 promulgavit.¹
967 1432 989 1447 ⁸

372 1492 461 1532 Nos
494 1506 677 1546 quoque,
699 1493 773 1546 qui
795 1506 889 1532 ossa
909 1493 1001 1546 ipsa
1022 1493 1074 1533 de
1096 1493 1272 1546 praefato
1293 1493 1383 1532 loco
1414 1492 1671 1545 accepimus,
1697 1490 1817 1530 nulla

284 1558 338 1598 de
360 1556 427 1596 his
448 1556 671 1597 dubietate
694 1557 900 1597 fluctuare
921 1558 1230 1610 permittimur.
1291 1557 1406 1596 Nam
1425 1557 1472 1595 in
1493 1557 1585 1609 ipso
1606 1555 1697 1595 1000
1718 1567 1818 1594 cum

286 1622 437 1662 multis
460 1621 583 1660 annis
605 1621 774 1661 illibata
807 1625 1105 1671 servarentur3
1138 1625 1183 1662 et
1208 1621 1300 1675 jam
1327 1621 1380 1661 ab
1411 1620 1486 1660 illo
1517 1623 1710 1672 tempore
1733 1631 1818 1672 quo

286 1685 375 1725 11110
397 1686 534 1738 primo
556 1685 695 1725 locata
721 1689 836 1736 sunt,
859 1686 1132 1725 centenarius
1154 1699 1363 1725 annorum
1379 1697 1584 1724 numerus
1598 1682 1819 1723 nonnullis

287 1751 411 1790 annis
435 1754 736 1802 superaretur3
768 1764 890 1804 aequo
920 1751 1001 1789 Dei
1024 1749 1345 1803 Omnipotentis
1376 1748 1628 1801 occultoque
1655 1746 1820 1801 judicio

288 1817 439 1857 civitas
476 1815 804 1856 Cantuariorum
840 1815 929 1854 fere
962 1819 1055 1854 tota
1095 1815 1197 1868 igne
1239 1817 1440 1863 cremata,
1475 1815 1605 1865 atque
1643 1810 1822 1851 ecclesia

291 1880 452 1922 Christi
472 1880 581 1920 inibi
602 1880 837 1919 constituta
859 1879 1010 1918 eodem
1031 1883 1096 1918 est
1125 1878 1324 1918 incendio
1354 1876 1625 1930 conflagrata.
1689 1873 1820 1928 Cujus

291 1945 636 1999 conflagrationis
659 1958 771 1984 anno
792 1944 922 1983 tertio
938 1943 1137 1996 jocundae
1166 1942 1295 1982 simul
1326 1945 1372 1981 et
1391 1941 1585 1995 gloriosae
1606 1939 1821 1979 memoriae

293 2009 571 2060 Lanfrancus,
594 2009 870 2049 Cadomensis
892 2007 1075 2047 coenobii
1098 2007 1242 2057 abbas,
1265 2007 1402 2059 ipsam
1424 2005 1647 2045 ecclesiam
1667 2016 1822 2057 regen-

294 2075 393 2114 dam
426 2074 627 2126 suscepit.
690 2073 787 2122 Qui,
810 2075 1036 2125 postquam
1069 2075 1135 2111 est
1165 2072 1211 2110 in
1241 2071 1333 2124 ipso
1364 2067 1654 2123 patriarchatu
1675 2068 1823 2121 primae

295 2137 545 2191 metropolis
567 2137 805 2190 Anglorum
826 2136 1029 2175 nobiliter
1051 2148 1355 2188 usquequaque
1370 2133 1606 2182 roboratus,
1621 2130 1825 2185 quicquid

295 2203 432 2255 ipsius
473 2201 663 2241 ecclesiae
705 2200 868 2240 vetusti
909 2199 1048 2252 operis
1090 2198 1321 2247 resederat,
1373 2209 1482 2236 nova
1533 2196 1676 2235 omnia
1726 2207 1826 2234 con-

297 2270 553 2315 structurus,
575 2265 747 2305 evertit.
810 2263 918 2304 Cum
940 2277 1040 2316 ergo
1062 2262 1315 2316 praedictum
1336 2261 1469 2300 altare
1492 2259 1827 2308 subverteretur,

297 2330 492 2383 reliqu-iac
514 2329 638 2369 Beati
659 2327 849 2368 wilfridi
870 2330 1051 2381 repertae
1073 2340 1120 2366 ac
1141 2326 1292 2366 levatae
1315 2328 1430 2375 sunt,
1452 2328 1582 2377 atque
1603 2323 1651 2362 in
1673 2323 1826 2363 scrinio

298 2394 526 2434 collocatae.
587 2393 751 2433 Verum
773 2406 871 2432 cum
892 2395 991 2445 post
1011 2391 1175 2444 aliquot
1205 2403 1338 2429 annos
1360 2388 1541 2428 fratrum
1563 2387 1760 2427 voluntas
1781 2386 1827 2425 in

301 2471 350 2497 eo
372 2457 650 2508 consentiret,
673 2461 725 2496 ut
755 2456 892 2510 magis
924 2455 1007 2494 fixo
1037 2455 1130 2494 loco
1160 2454 1475 2502 clauderentur,
1499 2451 1742 2505 sepulcrum
1767 2449 1828 2489 eis

299 2522 345 2561 in
367 2521 599 2574 aquilonali
621 2524 742 2574 parte
765 2520 910 2560 altaris
932 2519 1095 2559 factum
1117 2521 1198 2567 est,
1221 2521 1266 2557 et
1286 2517 1332 2557 in
1355 2530 1405 2556 eo
1431 2518 1534 2556 sunt
1558 2518 1710 2569 quarto
1732 2513 1829 2554 idus

301 2585 496 2625 Octobris
518 2588 765 2624 reverenter
786 2583 976 2623 inclusae.

375 2714 431 2757 (1)
459 2713 495 2747 It
513 2713 540 2746 is
557 2712 676 2746 stated.
693 2712 731 2746 in
749 2711 808 2745 the
833 2710 1010 2755 Prologue
1036 2710 1116 2743 that
1144 2709 1370 2755 Archbishop
1388 2708 1465 2743 Odo
1487 2709 1636 2753 (sanetae
1655 2705 1832 2741 Dorober-

301 2766 416 2800 nensis
432 2765 589 2799 ec‹·lesiae
608 2763 784 2810 pontifex)
805 2767 870 2809 put
883 2762 980 2797 forth
998 2774 1019 2796 a
1036 2761 1130 2796 little
1147 2761 1238 2795 book
1255 2762 1295 2796 of
1308 2761 1369 2795 the
1387 2760 1466 2795 Life
1484 2760 1524 2795 of
1537 2760 1591 2794 St.
1610 2758 1778 2802 Wilfred,
1795 2758 1832 2792 in

302 2818 420 2852 heroic
439 2829 550 2855 verse.
572 2829 654 2862 says
672 2828 737 2850 one
765 2816 853 2859 Ms„
872 2815 920 2849 ast
928 2827 964 2848 er
987 2815 1032 2848 he
1049 2814 1121 2848 had
1138 2814 1304 2849 removed
1331 2814 1392 2848 the
1415 2813 1518 2848 relies
1534 2818 1572 2846 to
1590 2810 1830 2856 Cantor-bury.

302 2870 527 2913 Fridegodc's
545 2870 637 2911 Life,
655 2869 776 2903 which
802 2880 877 2902 was
901 2867 1046 2902 written
1072 2866 1120 2911 by
1145 2866 1248 2901 order
1266 2866 1305 2901 of
1326 2866 1416 2909 Odo,
1434 2865 1463 2900 is
1488 2865 1550 2900 the
1575 2875 1641 2899 0110
1666 2863 1749 2898 here
1775 2874 1831 2897 re-

303 2922 415 2957 ferred
435 2922 679 2966 to.-(1lainc‚
699 2921 914 2964 llis-curiam,
934 2920 1029 2954 l‘scf.
1050 2919 1194 2964 xxxix.)
