1915 3068
397 169 628 202 EXCERPTS
666 169 791 202 FROM
829 167 1135 210 CIIRONICLES,
1175 168 1267 199 ETC.

59 284 192 324 cionis
215 282 382 335 exponi.
445 281 528 322 Sed
560 295 614 322 ne
651 281 992 321 habundanciore
1027 279 1359 319 absorberentur
1396 275 1591 323 tristicia,

61 349 190 389 Pater
218 346 603 386 misericordiarum
628 351 672 386 et
693 346 831 385 tocius
862 343 1168 384 consolacionis
1192 356 1312 382 suam
1335 341 1396 381 eis
1428 343 1593 392 protec-

61 414 227 452 cionem
249 414 502 464 argumento
526 410 682 449 visibili
706 409 952 450 declaravit.

152 473 300 515 Lecez'o
322 473 378 526 ψ’.
442 474 497 513 Et
520 474 603 522 Qui
626 473 680 514 ob
701 474 857 513 merita
890 472 981 511 Noe
1004 485 1150 511 arcum
1176 470 1314 511 Suum
1338 469 1381 508 in
1405 466 1594 506 nubibus

63 540 158 580 eceli
181 539 323 592 posuit
344 538 580 577 testificans
602 539 645 577 in
669 552 718 577 eo
740 537 852 590 quod
873 536 925 575 de
949 540 1102 575 caetero
1123 548 1208 574 non
1238 534 1463 574 induceret
1484 530 1595 570 dilu-

64 605 182 643 vium
206 616 332 655 super
353 605 528 652 terram,
552 602 648 655 Ipse
670 601 786 641 beati
812 599 1002 639 wilfridi
1034 600 1201 638 meritis
1224 599 1268 637 in
1299 610 1399 636 arcu
1431 594 1595 634 coelesti

65 668 237 721 signum
261 666 356 705 Suae
378 666 657 718 proteccionis
689 663 936 704 hominibus
967 663 1169 703 desolatis
1193 661 1402 710 exhibuit,
1424 673 1471 698 ac
1495 658 1529 697 si
1551 659 1595 696 in

65 730 317 771 miraculoso
358 743 457 769 arcu
499 729 746 783 loqueretur
788 733 833 768 et
873 727 1049 776 diceret,
1083 726 1186 766 Non
1226 723 1486 778 relinquam
1521 734 1595 761 vos

65 793 306 849 orphanos}
339 792 521 833 veniam
557 792 618 833 ad
654 807 741 843 vos,
775 798 819 833 et
851 792 974 841 illud,
1009 790 1171 831 Pacem
1213 788 1420 842 relinquo
1461 784 1597 836 vobi&

63 873 221 914 pacem
251 871 398 898 meam
430 857 487 898 do
518 857 654 908 vobis,
687 862 731 898 et
764 871 947 906 rursum,
980 855 1084 896 Ecce
1117 869 1189 908 990
1220 852 1446 894 vobiscum
1478 864 1597 899 sum,

66 937 208 977 usque
229 921 290 963 ad
312 920 752 962 consummacionem
773 919 940 961 scoculi.
985 919 1217 973 Confirmet
1234 917 1310 958 hoc
1326 917 1460 966 Deus,
1479 913 1598 968 quod

66 990 277 1041 operatus
300 999 339 1026 es
362 984 416 1025 ἰ”η
437 984 580 1035 nobis,
603 990 647 1025 et
671 989 735 1035 tu,
757 985 940 1039 gloriose
963 983 1191 1033 confessor,
1214 983 1288 1035 qui
1319 984 1386 1021 tot
1417 980 1599 1019 miracu—

67 1051 206 1091 lorum
247 1051 497 1104 operacione
537 1049 775 1099 choruscas,
818 1049 936 1101 placa
976 1048 1099 1087 nobis
1141 1047 1309 1086 miseris
1351 1044 1597 1084 districtum

62 1115 270 1169 judicem,
293 1113 445 1154 exhibe
469 1118 512 1154 te
535 1114 658 1154 nobis
680 1114 848 1153 miseris
869 1112 982 1166 apud
1005 1112 1118 1151 Eum
1140 1112 1185 1150 in
1216 1110 1304 1150 tuis
1333 1107 1600 1149 oracionibus

69 1179 298 1219 efficacem.
360 1178 653 1228 Peccavimus,
686 1176 846 1231 injuste
882 1177 1065 1230 egimus,
1097 1175 1374 1228 iniquitatem
1405 1172 1601 1221 fecimus,

69 1247 115 1283 et
148 1247 353 1295 tanquam
387 1241 662 1281 infructuosae
693 1241 862 1281 arbores
896 1240 1142 1280 succisionis
1169 1238 1384 1292 judicium
1407 1239 1602 1289 expecta-

69 1321 180 1346 mus,
242 1306 404 1346 Iminet
432 1306 555 1346 nobis
582 1305 718 1359 judex
749 1304 971 1354 terribilis,
994 1304 1232 1352 districtus,
1254 1302 1458 1350 offensus,
1479 1298 1602 1352 cujus

69 1371 280 1411 adventus
312 1369 544 1420 horribilis,
577 1369 699 1423 cujus
735 1369 954 1408 sentencia
986 1367 1290 1416 irrevocabilis,
1326 1378 1467 1405 carcer
1501 1365 1605 1403 irre-

70 1435 270 1484 miabilis,
301 1437 438 1474 tortor
469 1433 767 1488 infatigabilis,
799 1446 926 1486 poena
956 1431 1197 1471 infinibilis.
1275 1430 1482 1470 Succurre
1516 1429 1604 1467 tuis

71 1498 263 1547 oviculis,
284 1501 429 1551 pastor
450 1498 574 1538 bone.
637 1497 748 1537 Nam
772 1498 805 1537 si
829 1499 1003 1550 peccata
1033 1499 1179 1535 nostra
1209 1494 1407 1548 potencia
1430 1496 1530 1532 sunt
1553 1492 1606 1531 ad

71 1562 520 1615 condempnacionem,
542 1566 617 1601 tua
639 1562 792 1601 merita
815 1560 1060 1614 potenciora
1082 1562 1185 1599 sunt
1204 1559 1257 1598 ad
1288 1558 1606 1598 liberacionem.

76 1626 111 1667 Ο
133 1627 242 1666 bone
265 1626 386 1675 JeSU,
410 1626 444 1665 O
468 1626 670 1680 benigne,
694 1625 728 1666 O
752 1626 1007 1674 misericors,
1031 1624 1066 1664 O
1098 1623 1310 1672 amabilis,
1333 1621 1368 1662 O
1392 1621 1547 1670 suavis,
1571 1619 1605 1660 O

77 1690 230 1740 dulcis,
253 1691 490 1730 secundum
522 1691 867 1744 magnitudinem
905 1688 1213 1728 habundanciae
1251 1686 1474 1726 suavitatis
1505 1689 1606 1732 tuae,

75 1754 312 1794 secundum
334 1755 509 1794 divicias
532 1753 650 1793 illius
683 1753 1079 1793 exuberantissimae
1111 1752 1302 1791 caritatis
1323 1751 1369 1790 in
1391 1763 1474 1802 qua
1495 1748 1608 1788 redi-

74 1819 193 1858 misti
215 1818 441 1868 mundum,
463 1818 521 1858 Te
543 1822 741 1857 moveant
772 1831 918 1870 preces
941 1820 984 1856 et
1006 1816 1197 1870 gemitus
1219 1814 1489 1854 afflictorum.
1551 1812 1608 1850 Et

76 1882 188 1935 quod
223 1882 382 1921 nostris
418 1882 531 1935 apud
565 1882 624 1921 Te
657 1881 894 1921 diffidimus
936 1880 1132 1933 optinere
1169 1878 1352 1928 meritis,
1386 1877 1452 1916 tui
1486 1875 1608 1915 nobis

76 1947 314 2000 impetrent
334 1947 488 1986 merita
509 1946 789 1994 confessoris;
821 1946 928 1986 Jesu
961 1943 1144 1993 Christe,
1166 1943 1241 1996 qui
1272 1956 1371 1981 cum
1404 1941 1531 1980 Patre
1565 1945 1609 1979 et

79 2010 242 2064 Spiritu
266 2010 420 2050 Sancto
451 2011 559 2049 vivis
591 2014 636 2049 et
673 2023 826 2063 regnas
863 2009 979 2048 Deus
1015 2021 1091 2061 per
1124 2007 1268 2047 omnia
1300 2005 1453 2046 saecula
1480 2018 1611 2044 saecu—

77 2074 443 2114 lorum.—-Amen.

629 2168 781 2203 RIPON
817 2167 1057 2202 PSALTER.

397 2243 525 2288 (Item)
554 2243 600 2277 IN
625 2242 988 2277 COMMEMORACIONE
1012 2242 1049 2276 S.
1082 2241 1291 2275 WILFRIm.

169 2313 318 2355 Leooz'o
340 2313 390 2367 ij.
416 2345 426 2354 .
451 2345 460 2354 .
482 2315 692 2354 Processu
709 2314 931 2366 temporis,
949 2314 1159 2352 iminente
1184 2311 1264 2350 sibi
1282 2310 1469 2349 termino
1483 2322 1612 2361 quem

82 2378 122 2418 ei
143 2378 378 2432 praefixerat
402 2378 596 2432 angelus,
611 2377 870 2432 {egritudine
887 2377 1007 2430 gravi
1029 2381 1203 2428 areptus
1217 2379 1382 2414 naturae
1398 2374 1613 2413 tributum

83 2442 303 2482 exsolvens
325 2443 527 2496 migravit
549 2442 601 2481 ad
624 2441 873 2490 Dominum,
892 2445 935 2480 et
953 2440 1099 2479 audita
1117 2443 1183 2479 est
1205 2439 1249 2478 in
1273 2437 1446 2477 sublimi
1463 2450 1614 2476 canora

84 2508 130 2545 et
152 2506 402 2545 suavissima
422 2505 739 2559 congratulacio
769 2504 1036 2558 angelorum.
1098 2503 1270 2543 Positus
1303 2507 1365 2541 est
1399 2505 1545 2540 autem
1569 2501 1614 2539 in

86 2569 263 2609 eeclesia
303 2569 420 2609 beati
460 2569 581 2609 Petri
622 2568 737 2622 apud
779 2568 1009 2621 Riponiam
1050 2568 1095 2607 in
1137 2571 1257 2620 parte
1299 2564 1505 2614 australi)
1541 2563 1614 2603 ubi

157 2656 213 2698 (l)
242 2655 377 2690 ‘Juxta
396 2655 509 2690 altare
526 2654 621 2689 beati
639 2655 738 2689 Petri
765 2654 942 2700 Apostoli,
960 2654 1004 2688 ad
1023 2658 1196 2695 austrum,
1215 2652 1370 2699 positum
1389 2649 1617 2685 ests—Prior

86 2705 256 2750 Richard,
273 2718 349 2753 cap.
368 2707 428 2741 xii.
463 2707 603 2741 Raine’s
615 2707 790 2749 Hm'ham,
803 2706 951 2741 Surtees
964 2706 1042 2740 Soc.
1057 2706 1127 2739 vol.
1141 2704 1226 2739 xliv.
1246 2715 1279 2749 p.
1299 2703 1356 2737 ³50.
1390 2701 1502 2737 Other
1519 2701 1617 2746 early

87 2757 230 2804 bishops
258 2770 351 2793 were
378 2759 453 2793 said
480 2764 517 2793 to
547 2759 589 2793 be
618 2758 742 2793 buried
772 2763 809 2793 at
842 2758 979 2805 Ripon:
1015 2760 1023 2776 ‘
1039 2757 1075 2792 S.
1094 2756 1298 2798 wilfridus,
1326 2755 1361 2788 S.
1390 2755 1501 2795 Acca,
1519 2758 1554 2786 et
1580 2752 1617 2786 S.

89 2809 208 2855 Egelsi
225 2810 376 2857 episcopi
397 2811 545 2858 (sepulti
563 2813 664 2854 sunt)
691 2811 726 2845 in
753 2811 1004 2857 Rimul—Ex
1021 2810 1108 2844 libro
1134 2808 1297 2853 Huyonis
1323 2805 1483 2840 monachi
1498 2805 1620 2838 Petro-

90 2861 276 2907 buryemaeb,
302 2863 377 2898 Lel.
402 2865 484 2898 Coll.
503 2864 524 2898 i.
545 2864 600 2898 10.
651 2864 704 2898 St.
726 2865 823 2898 Acca
848 2875 923 2897 was
947 2862 1030 2897 fifth
1052 2862 1177 2907 bishop
1195 2860 1235 2894 of
1256 2859 1437 2900 Hexham‚
1455 2857 1523 2892 and
1546 2868 1621 2890 was

90 2913 269 3000 certaing5
287 2915 410 2951 buried
435 2916 472 2950 in
498 2916 560 2951 the
585 2916 720 2951 church
738 2916 778 2950 of
799 2915 853 2950 St,
881 2914 1042 2950 Andrew
1067 2911 1335 2948 there-Prior
1353 2910 1524 2953 Richard,
1541 2920 1620 2954 cap.

92 2976 151 3000 xv.
169 2977 202 3012 p.
271 2993 278 3001 .

1630 477 1749 506 Nnah‘s

1629 517 1696 543 bow
1712 526 1768 545 cx-

1630 556 1730 592 plain»-

1632 595 1668 623 w
1676 595 1806 624 isssrith's

1632 635 1709 664 bow.

1633 732 1677 760 St.
1693 731 1776 760 ‚John

1633 772 1699 800 xiv.
1719 772 1765 805 18,
1782 771 1831 799 27.

1633 811 1678 839 St.
1696 811 1789 839 Matt.

1633 849 1750 878 xxviii.
1763 850 1812 878 20.

1636 890 1685 918 l's.
1703 889 1796 917 lxvii.

1635 928 1776 963 (lxviii.)
1786 928 1834 956 29.

1635 968 1754 1004 Prayer
1769 971 1801 995 to

1633 1008 1701 1035 (iod
1718 1007 1779 1035 and

1636 1046 1679 1075 St.
1697 1046 1776 1074 wil-

1631 1086 1711 1115 frith
1727 1097 1734 1121 ;

1641 1632 1675 1660 to
1690 1629 1709 1659 J
1713 1638 1793 1659 esus.

1647 1950 1818 1997 Wilfrith's

1644 1995 1760 2020 ments.

1649 2327 1752 2357 Death
1767 2327 1801 2356 of

1648 2367 1804 2403 wilfrith,

1646 2415 1714 2436 As).
1730 2408 1797 2436 709.

1651 2568 1768 2597 Buried

1648 2617 1688 2638 on
1703 2608 1758 2637 the
