1935 3151
70 148 163 195 152

68 288 102 317 M
107 291 188 317 aster

68 327 239 362 Laurenue,

68 376 192 404 parson.

69 422 254 452 Witnesses.

72 1191 209 1221 Roaldus
224 1191 261 1220 de

73 1232 203 1260 Berford
219 1235 250 1260 to

73 1271 200 1301 Church
215 1270 250 1299 of

73 1310 243 1340 Stanwiek.

74 1568 222 1606 Appleby

76 1608 177 1638 Cross.

786 165 1061 198 MEMORIALS
1096 165 1155 197 OF
1190 164 1347 197 RIPON.

300 280 397 317 tum
419 276 465 315 in
487 276 576 317 vita
596 290 692 316 mea
713 276 805 317 fieri
828 276 924 326 feei,
947 280 991 316 et
1024 276 1164 330 sigillo
1196 289 1292 315 meo
1323 275 1578 325 coroboravi,
1601 280 1646 316 et
1675 276 1833 330 magis-

300 344 418 380 trum
459 341 745 381 Laureneium
796 354 1020 394 personam
1071 340 1197 380 dictae
1247 340 1435 380 ecclesiae
1485 340 1659 379 nomine
1699 340 1835 392 ipsius

302 405 488 445 ecclesiae
512 406 692 445 saisiavi.
745 405 843 444 Hiis
864 404 1066 454 testibus,
1090 404 1285 445 Galfrido
1301 404 1341 443 N
1345 403 1506 454 oerais’‚
1523 403 1684 443 Roaldo
1705 403 1835 443 fratre

301 469 481 519 domini,
511 469 702 510 Galfrido
734 468 964 519 Chiuenor,
994 469 1170 508 warino
1211 469 1263 508 de
1301 467 1491 517 Berford‚
1525 467 1712 507 Roberto
1747 466 1836 506 filio

301 533 484 583 Durant,
505 533 572 573 W.
594 533 683 572 filio
705 532 814 586 ejus,
831 532 1010 572 Eudone
1026 532 1079 572 de
1099 531 1311 586 Stanweg,
1330 531 1522 572 Galfrido
1538 531 1592 571 de
1607 530 1835 579 Karletun‚

302 597 490 637 Roberto
510 597 562 636 de
585 596 805 650 Crosseby,
828 599 872 636 et
893 596 1042 635 multis
1063 596 1171 637 aliis.

390 659 521 701 Lctbel
542 658 820 713 remcciniozy,
843 658 920 700 but
941 659 1031 701 θεαί
1050 673 1175 711 plone.

391 724 637 775 E'nclorsed,
659 722 907 777 something]
927 737 1027 764 now
1048 722 1251 777 illem-blo,
1273 724 1368 765 and
1389 725 1446 765 H.
1470 727 1540 764 30.

395 820 498 862 This
519 821 615 863 and
638 821 703 862 the
724 825 828 863 πρωί
848 835 924 863 are
946 819 1036 863 tied
1058 820 1244 875 t09ether
1266 820 1318 875 by
1339 820 1406 862 the
1428 820 1572 862 labels.

528 989 706 1024 LXXIII.
741 988 988 1024 FURTHER
1021 988 1195 1024 GRANT
1228 989 1290 1024 TO
1327 988 1612 1024 STANWICK.

828 1076 971 1120 (Rn’ox
997 1076 1180 1111 GHAPTER
1204 1076 1302 1121 MS.)

395 1173 543 1214 Sciant
570 1176 802 1226 praesentes
832 1175 876 1212 et
906 1171 1058 1222 futuri,
1091 1172 1204 1225 quod
1231 1186 1310 1227 ego
1346 1172 1535 1212 Roaldus
1571 1172 1625 1212 de
1661 1173 1839 1213 Berford

305 1237 421 1277 filius
442 1237 624 1286 Waldef,
656 1237 755 1276 dedi
787 1240 833 1276 et
864 1237 1049 1276 concessi
1081 1241 1124 1276 et
1156 1235 1235 1275 hae
1265 1237 1466 1290 praesenti
1487 1241 1604 1276 carta
1624 1250 1720 1277 mea
1741 1251 1841 1277 con-

306 1302 473 1341 firmavi
494 1301 584 1340 Deo
607 1305 652 1340 et
674 1301 861 1341 eeclesiae
882 1301 1008 1340 Beati
1029 1299 1239 1340 ‚Iohannis
1261 1301 1314 1340 de
1338 1300 1583 1356 Stainwegg
1605 1315 1680 1354 pro
1702 1301 1840 1340 salute

306 1367 460 1406 animae
481 1379 588 1405 meae
607 1368 647 1404 et
665 1368 983 1404 antecessorum
997 1378 1205 1413 meorum,
1222 1365 1268 1403 in
1281 1378 1432 1417 puram
1447 1369 1492 1404 et
1524 1395 1534 1405 .
1568 1395 1578 1405 .
1613 1395 1623 1404 .
1646 1365 1842 1404 elemosi-

308 1444 423 1480 nam,
441 1430 546 1469 duas
567 1443 681 1468 acras
698 1433 821 1468 terrae
843 1429 889 1467 in
911 1429 1126 1468 territorio
1143 1428 1196 1467 de
1214 1428 1406 1478 Berford,
1424 1429 1601 1479 scilicet,
1616 1429 1841 1469 dimidiam

308 1508 450 1535 aeram
484 1507 611 1546 super
644 1493 834 1548 HoPoen‚
865 1500 909 1532 et
944 1492 1032 1532 dim
1039 1522 1226 1532 .....
1259 1491 1428 1532 Colacre
1463 1496 1507 1532 et
1540 1523 1550 1533 .
1585 1523 1595 1533 .
1629 1523 1639 1533 .
1673 1523 1683 1533 .
1715 1496 1840 1533 terrae

309 1572 416 1598 meae
437 1558 490 1597 ad
512 1571 681 1597 erucem
699 1557 813 1610 apud
834 1556 1044 1609 Appelby,
1058 1559 1101 1595 et
1115 1560 1282 1609 partem
1295 1570 1435 1596 meam
1456 1560 1580 1596 terrae
1594 1570 1700 1596 meae
1716 1570 1842 1609 super

309 1622 463 1663 collem
496 1622 542 1660 in
575 1621 714 1661 tribus
750 1621 852 1661 locis
886 1651 895 1660 .
930 1650 939 1660 .
973 1650 983 1660 .
1016 1634 1122 1660 aerae
1157 1634 1300 1660 versus
1334 1620 1600 1660 occidentem
1634 1650 1643 1660 .
1675 1624 1841 1673 partem

310 1700 451 1726 meam
481 1690 605 1726 terrae
639 1699 745 1725 meae
772 1685 1081 1725 extendentem
1109 1684 1237 1738 juxta
1263 1688 1438 1724 antrum
1467 1698 1614 1724 versus
1641 1698 1842 1737 eampum

311 1751 363 1790 de
386 1749 611 1791 Caldewell
645 1780 654 1789 .
687 1779 698 1790 .
732 1780 742 1790 .
773 1753 898 1789 terrae
926 1762 1032 1789 meae
1062 1748 1368 1788 extendentem
1390 1762 1414 1788 a
1435 1762 1553 1788 mora
1573 1748 1626 1788 de
1647 1748 1843 1802 Appelby

310 1828 446 1868 usque
468 1815 513 1853 in
536 1814 765 1853 mariscum
791 1827 935 1853 versus
957 1813 1237 1852 occidentem.
1299 1812 1555 1866 Adjacentes
1577 1813 1623 1851 in
1655 1841 1843 1853 .....

311 1880 420 1919 lium
456 1879 508 1918 de
536 1879 631 1918 Elle
664 1908 674 1918 .
708 1909 717 1918 .
752 1908 762 1918 .
794 1882 929 1918 terras
963 1877 1149 1931 Rayneri
1185 1877 1264 1916 filii
1299 1877 1453 1930 Sywin.
1514 1877 1768 1917 Tenendum
1800 1880 1846 1916 et,

311 1942 559 1983 habendum
601 1942 734 1982 libere
777 1946 821 1982 et
856 1942 1003 1995 quiete
1045 1945 1090 1982 et
1130 1940 1359 1981 honorifice
1393 1971 1403 1981 .
1437 1971 1447 1981 .
1481 1971 1491 1982 .
1524 1971 1536 1981 .
1569 1944 1613 1981 eb
1656 1940 1845 1980 saeculari

314 2008 550 2047 exaccione.
613 2007 705 2061 Ego
740 2020 839 2047 vero
872 2009 918 2046 et
943 2005 1133 2046 haeredes
1168 2006 1256 2045 mei
1289 2005 1511 2058 praedictas
1538 2018 1654 2044 acras
1682 2005 1772 2044 Deo
1801 2007 1846 2044 et

314 2071 503 2111 ecelesiae
526 2071 650 2111 Beati
681 2069 892 2111 ,Iohannis
923 2073 1071 2110 contra
1101 2083 1247 2109 omnes
1279 2068 1476 2109 homines
1507 2069 1553 2109 in
1584 2072 1844 2121 perpetuum

314 2134 697 2174 warantizabimus.
758 2134 813 2173 Et
856 2137 907 2173 ut
938 2132 1028 2173 haec
1059 2136 1176 2172 carta
1215 2146 1311 2172 mea
1350 2136 1443 2172 rata
1485 2133 1541 2172 sit
1581 2135 1626 2171 eb
1667 2131 1846 2184 stabilis,

315 2212 502 2251 praesens
526 2199 731 2251 scriptum
754 2197 846 2237 fieri
868 2197 949 2237 feei
971 2200 1017 2237 et
1038 2197 1178 2251 sigillo
1200 2210 1296 2236 meo
1312 2197 1493 2236 munivi.
1526 2196 1622 2236 Hiis
1643 2195 1846 2245 testibus,

315 2261 525 2315 Bsagistro
557 2262 604 2301 L.
637 2275 816 2314 persona
846 2261 898 2301 de
932 2261 1189 2314 Stainwegg,
1221 2260 1373 2299 Yuone
1405 2260 1622 2312 capellano
1651 2259 1845 2312 ejusdem

316 2325 412 2375 loci,
431 2326 485 2365 G.
503 2326 677 2366 Britone
700 2326 752 2365 de
770 2325 920 2365 Aldeb.
955 2355 964 2364 .
999 2355 1009 2365 .
1043 2325 1096 2365 G.
1119 2325 1341 2364 Lenornus
1362 2324 1415 2363 de
1437 2323 1627 2374 Berford,
1661 2353 1670 2363 .
1705 2353 1714 2363 .
1749 2353 1758 2363 .
1790 2323 1844 2363 de

316 2389 557 2442 Stafflweg',
584 2389 638 2429 G.
670 2389 722 2429 de
754 2389 922 2439 Carlet’,
944 2389 1131 2429 Roberto
1160 2388 1249 2428 filio
1277 2388 1458 2438 Durani,
1490 2388 1581 2427 Ada
1612 2387 1665 2427 de
1697 2386 1845 2428 Calde-

315 2452 423 2492 well.
486 2453 543 2492 Et
564 2453 713 2492 multis
735 2453 843 2493 aliis.

404 2514 534 2556 Label
555 2514 831 2569 remaininq,
854 2515 930 2557 bat
951 2515 1041 2557 secel
1059 2529 1183 2569 yone-

405 2579 741 2630 Enclorsemenm
763 2594 879 2621 none
900 2579 1066 2621 visible.

416 2691 503 2736 [For
522 2691 751 2738 Archbishop
769 2693 893 2738 Gray's
912 2692 1088 2738 provision
1107 2691 1160 2726 sor
1179 2691 1374 2735 Stanwick‚
1394 2703 1448 2725 see
1466 2689 1587 2732 above,
1605 2701 1638 2735 p.
1659 2687 1755 2734 lll.]
