1915 3068
402 156 634 190 Exol-:RPTS
672 156 794 188 FROM
836 155 1139 198 ffllltONchssS,
1181 157 1271 187 ETC.

67 268 287 309 effectum.
351 270 690 310 Universitatern
713 269 847 322 igitur
866 273 1052 308 vestram
1076 281 1301 308 monemus
1323 269 1540 308 attencius
1559 275 1598 308 01

67 333 345 374 exhortamur
381 335 426 374 in
463 334 660 384 Domino,
694 334 898 386 quatinus
936 332 990 373 ob
1015 333 1201 372 salutem
1231 333 1472 372 animarum
1510 347 1602 372 ves-

69 401 233 437 trarum
264 399 397 438 talem
429 399 538 438 circa
568 398 703 451 ipsius
735 397 883 438 Sancti
916 397 1239 437 veneracionem
1278 395 1479 436 exhibere
1512 402 1603 437 stu-

69 462 206 501 deatis
227 463 516 512 devocionem‚
540 467 589 502 ut
611 462 745 515 ipsius
769 461 1158 501 intervenientibus
1187 462 1368 511 meritis,
1396 465 1603 501 aeternam

70 540 95 564 a
128 526 216 565 Deo
248 540 415 580 sperare
448 527 620 579 possitis
651 527 1061 565 remuneracionem.
1124 525 1284 565 Datum
1307 526 1421 578 apud
1445 525 1604 575 Ottele,

71 589 326 629 duodecimo
368 590 583 629 Kalendas
616 589 854 640 Februarii,
885 603 997 629 anno
1027 589 1181 643 graciae
1213 589 1431 642 praedicto,
1463 591 1606 643 ponti-

71 654 223 694 ficatus
244 655 380 694 nostri
402 668 514 694 anno
536 654 716 694 decimo.

292 816 603 851 PRIVILEGES
636 816 697 851 OF
730 816 833 850 THE
867 815 1084 851 OHUROH
1118 816 1179 851 OF
1213 816 1379 851 RIPON.

351 902 455 936 Rom
473 912 517 936 IN
535 903 675 937 DUCHY
693 912 738 936 or
756 902 977 937 LANCASTER
994 902 1180 947 Rnconns,
1199 904 1247 938 A.
1266 904 1323 938 23.

161 979 325 1019 Placita
355 979 468 1032 apud
500 979 654 1032 Rypon
684 980 730 1019 in
762 979 872 1018 Aula
905 979 1106 1032 Capituli,
1139 995 1279 1020 coram
1308 981 1528 1021 Willelmo
1556 982 1609 1022 de

75 1043 299 1088 Stuteuill,
321 1043 502 1083 Ricardo
524 1044 577 1083 de
599 1044 747 1097 Percy,
771 1044 937 1098 Rogero
969 1044 1021 1084 de
1054 1043 1321 1099 Thurkylby‚
1345 1049 1390 1085 et
1422 1046 1611 1086 Roberto

73 1107 127 1146 de
148 1108 418 1161 Lexyngton,
441 1108 469 1148 J
471 1108 699 1147 usticiariis
721 1108 896 1148 Domini
920 1108 1068 1162 Regis,
1090 1109 1159 1149 die
1191 1109 1397 1149 Mercurii
1419 1111 1612 1162 proxima

73 1175 170 1224 post
198 1171 359 1211 festum
391 1172 703 1211 Translacionis
727 1172 874 1213 Sancti
906 1171 1094 1223 Thomae,
1124 1187 1236 1213 anno
1268 1174 1400 1228 Regis
1433 1174 1609 1214 Henrici

74 1235 152 1274 filii
174 1235 306 1290 Regis
329 1236 356 1275 J
359 1234 538 1275 ohannis
560 1236 650 1288 xiij.

163 1299 392 1353 Philippus
415 1301 468 1340 de
489 1300 678 1340 Ascelles
701 1301 949 1340 Vicecomes
983 1300 1274 1351 EboracensiS,
1298 1306 1343 1341 et
1364 1302 1611 1341 VVillelmus

74 1363 127 1403 de
166 1363 451 1417 XVychcombe
488 1364 671 1404 ballivus
708 1362 931 1418 VVa(lteri)
963 1363 1281 1418 Archiepiscopi
1320 1366 1611 1416 Eboracensis,

73 1426 298 1467 attachiati
330 1428 509 1468 fuerunt
550 1429 603 1468 ad
634 1429 985 1482 respondendum
1022 1429 1211 1481 capitulo
1254 1430 1454 1470 Ecclesiae
1496 1430 1611 1471 beati

75 1491 265 1531 wilfridi
296 1492 350 1532 de
382 1492 538 1545 Ripon,
560 1506 691 1546 quare
713 1493 952 1532 cumidem
984 1493 1225 1546 capitulum
1258 1508 1310 1533 ex
1340 1495 1611 1534 concessione

75 1555 206 1609 Regis
252 1555 488 1596 Attelstani
539 1570 586 1596 ac
632 1557 814 1596 aliorum
855 1571 1008 1610 regum
1044 1558 1406 1610 praedecessorum
1447 1559 1613 1598 domini

75 1619 207 1673 Regis
229 1633 345 1659 nunc
365 1619 523 1660 habeat
545 1634 694 1674 pacem
717 1635 839 1660 suam
861 1626 906 1661 et
939 1621 1085 1660 sokam
1120 1636 1256 1672 suam,
1277 1636 1324 1662 ac
1357 1622 1459 1662 alias
1482 1623 1613 1663 liber-

74 1688 187 1723 tates
210 1684 486 1737 quamplures
514 1689 557 1724 et
589 1686 877 1738 possessiones
911 1699 1009 1725 suas
1039 1690 1084 1725 ets
1116 1686 1241 1725 feoda
1273 1701 1364 1737 sua,
1387 1688 1448 1727 ita
1479 1688 1613 1728 libere

76 1749 189 1801 quod
230 1761 315 1787 non
352 1748 480 1788 liceat
512 1750 723 1789 ministris
760 1750 925 1789 domini
960 1750 1092 1803 Regis
1134 1764 1213 1790 nec
1254 1751 1433 1791 alterius
1466 1752 1612 1805 cujus-

76 1826 261 1864 cumque
294 1812 517 1852 libertates
553 1827 650 1853 suas
687 1813 922 1867 infringere
958 1814 1027 1853 vel
1064 1814 1240 1853 feodum
1279 1829 1406 1854 suum
1444 1817 1614 1869 ingredi

77 1876 370 1928 quovismodo,
412 1877 543 1916 iidem
585 1882 732 1917 tamen
767 1876 994 1930 Philippus
1033 1882 1077 1916 et
1110 1878 1355 1918 willelmus
1389 1880 1612 1919 libertates

75 1940 255 1993 capituli
286 1941 474 1980 ecclesiae
496 1942 710 1994 praedictae
742 1942 783 1980 vi
816 1944 861 1981 et
891 1942 1020 1980 armis
1052 1941 1338 1996 infregerunt,
1360 1957 1407 1982 ac
1438 1943 1613 1983 feodum

78 2017 205 2042 suum
241 2008 285 2043 et
318 2004 464 2043 sokam
489 2019 610 2044 suam
633 2004 866 2060 (violenter
881 2005 920 2059 P)
942 2006 1126 2059 ingressi
1150 2010 1266 2056 sunt,
1292 2007 1345 2046 ad
1375 2008 1612 2061 dampnum

76 2068 466 2121 capituli‘ecelesiae
492 2070 706 2122 praedictae
738 2073 781 2109 et
813 2068 1042 2109 hominum
1075 2084 1249 2109 suorum
1272 2084 1357 2111 non
1380 2072 1612 2123 modicum,

77 2136 118 2171 et
143 2131 497 2172 exhaeredationis
519 2134 760 2186 periculum
780 2133 1062 2173 manifestum
1086 2138 1133 2174 ut
1158 2135 1330 2175 dicitur.

165 2196 219 2235 Et
244 2196 360 2235 unde
380 2197 496 2236 idem
518 2198 758 2250 capitulum
779 2211 855 2251 per
878 2198 1124 2238 Galfridum
1146 2199 1198 2238 de
1223 2199 1419 2248 Lardare,
1442 2201 1613 2239 canoni-

76 2273 176 2298 cum
196 2260 424 2312 prebendae
446 2261 563 2301 beati
584 2262 765 2301 Andreae
796 2263 841 2301 in
872 2262 1051 2301 ecclesia
1071 2263 1287 2315 praedicta,
1310 2264 1501 2316 positum
1521 2264 1611 2304 1000

76 2324 211 2376 ipsius
233 2324 426 2377 capituli,
448 2325 553 2364 dicit
576 2326 689 2378 quod
715 2326 830 2365 idem
853 2326 1094 2378 capitulum
1116 2340 1167 2365 ex
1188 2328 1457 2367 concessione
1481 2328 1610 2382 Regis

76 2388 311 2427 Attelstani
328 2393 369 2427 et
388 2388 570 2428 aliorum
586 2403 754 2443 regum,
768 2390 1129 2442 praedecessorum
1146 2390 1310 2430 domini
1327 2391 1458 2445 Regis
1480 2406 1610 2443 1111110,

76 2449 227 2491 habeat
250 2465 398 2505 pacem
431 2467 552 2492 suam
583 2454 1000 2506 circumquacunque
1027 2468 1113 2494 una
1143 2454 1265 2494 leuca
1295 2469 1431 2508 usque
1463 2471 1610 2496 eruces

76 2515 311 2555 Attelstani
333 2530 426 2569 quae
448 2517 652 2556 dicuntur
675 2516 784 2557 bane
805 2518 980 2567 0111005,ι
1006 2522 1051 2558 et
1072 2518 1183 2558 infra
1204 2523 1371 2571 portam
1393 2521 1611 2570 cimiterii,

77 2584 119 2619 et
156 2580 298 2619 locum
335 2582 409 2634 qui
450 2586 625 2621 vocatur
667 2580 961 2635 Grythstane?
1004 2587 1049 2622 et
1092 2582 1282 2622 hostium
1326 2584 1528 2635 ecclesiae,
1566 2591 1612 2625 et.

77 2642 254 2684 chorum
276 2645 464 2685 ecclesiae
485 2647 713 2699 praedictae,
734 2647 788 2686 ad
809 2647 1110 2687 recettandum
1132 2661 1425 2701 quoscumque
1447 2648 1610 2689 felones

150 2750 205 2795 (1)
232 2749 400 2796 Marking
416 2751 477 2785 the
493 2751 705 2786 boundaries
723 2752 763 2786 of
784 2752 845 2787 the
871 2753 1011 2788 district
1036 2753 1160 2787 within
1188 2753 1307 2788 which
1333 2754 1442 2788 banus
1466 2767 1506 2790 or
1529 2768 1612 2802 pro-

78 2802 283 2836 clamations
300 2815 394 2837 were
414 2804 520 2846 valid,
538 2804 607 2839 like
625 2805 686 2839 the
704 2805 844 2839 French
862 2806 1055 2844 Banlieue:
1081 2806 1153 2840 late
1174 2807 1282 2840 Latin
1300 2807 1490 2842 Barzleuea.

152 2855 206 2897 (2)
235 2855 320 2890 AS.
354 2856 457 2901 gry6‚
491 2869 607 2903 peace.
659 2858 756 2892 ‘The
790 2864 889 2892 stane
923 2859 1003 2893 that
1036 2859 1249 2904 Grythstole
1284 2860 1608 2908 hatte'—Englisli

81 2905 221 2940 chartei·
239 2908 351 2941 called
371 2908 618 2953 *Ethelstain'ffi
636 2909 777 2956 printed
795 2909 920 2944 below.

819 2974 880 3003 122

1639 534 1744 562 Given
1761 536 1794 561 at

1639 573 1744 611 Otley,
1765 572 1837 601 Jnn.

1641 614 1689 648 21,
1705 614 1787 641 1224.

1645 994 1665 1015 Α
1681 995 1713 1015 D.
1732 986 1818 1014 1228.

1644 1042 1730 1070 Tria}
1743 1042 1845 1069 before

1646 1082 1701 1110 the
1718 1080 1822 1117 king's

1641 1121 1760 1158 judges
1777 1120 1810 1148 in

1646 1161 1700 1188 the
1715 1160 1810 1196 chap-

1647 1199 1808 1228 ter-house

1647 1243 1680 1267 at
1697 1239 1810 1276 Ripon.

1645 1310 1663 1339 'l
1674 1311 1711 1339 lie
1727 1310 1840 1338 sheriff

1645 1351 1680 1378 of
1698 1349 1785 1378 York

1645 1391 1707 1417 and
1724 1390 1779 1417 the

1647 1429 1739 1457 arch-

1647 1467 1788 1503 bishop's

1648 1507 1754 1535 bailiff
1766 1508 1847 1535 have

1649 1547 1788 1575 invaded

1649 1586 1703 1614 the
1720 1587 1802 1614 sran-

1648 1625 1746 1654 chiso.

1649 2208 1808 2238 Evidence

1648 2250 1683 2277 of
1700 2250 1847 2285 Geoffrey

1647 2289 1685 2317 de
1709 2288 1847 2317 Lar-dare,

1648 2337 1681 2356 as
1697 2332 1738 2361 to,

1648 2366 1769 2403 Rights
1783 2368 1818 2395 of

1649 2408 1844 2444 Sanctum-33
