1935 3151
127 164 221 210 298
836 176 1112 211 immorans
1146 176 1205 211 or
1239 175 1397 211 111ΡοΝ.

358 290 498 342 pottes
519 286 626 344 (sic)
648 290 737 329 sine
759 289 901 342 aliquo
921 291 1221 329 retenemento
1242 286 1437 342 ejusdem
1458 286 1652 337 culturae,
1673 300 1759 327 una
1782 301 1880 328 cum

358 356 448 392 tota
469 357 640 405 pastura
660 352 896 406 adjacente,
918 365 1012 405 quae
1033 354 1206 392 vocatur
1227 351 1267 391 le
1290 351 1491 392 Strandes
1513 364 1647 404 usque
1661 351 1714 391 ad
1727 364 1881 406 aquam

359 417 411 455 de
444 416 557 456 Yore
589 417 634 456 in
669 417 954 469 seperalitate.
1018 415 1314 456 Concessimus
1347 418 1495 455 autem
1537 415 1679 455 eidem
1709 415 1882 455 domino

359 479 544 519 Roberto
577 484 621 520 et
662 479 898 519 haeredibus
940 480 1027 519 suis
1060 493 1196 532 usque
1232 479 1286 519 ad
1317 479 1449 519 finem
1482 478 1640 533 viginti
1672 492 1882 519 annorum

343 543 711 595 supradictorum,
732 547 868 582 totam
890 557 1163 583 communam
1194 546 1378 596 pasturae
1408 556 1485 596 pro
1506 542 1763 582 animalibus
1796 543 1882 582 suis

359 606 578 659 pascendis
606 606 657 646 ad
684 606 949 646 voluntatem
975 620 1097 647 suam
1125 621 1176 647 ex
1203 607 1337 647 altera
1366 609 1487 660 parte
1524 620 1643 659 aquae
1671 606 1724 646 de
1754 607 1882 657 Yore,

358 670 592 721 incipiente
633 683 657 709 a
697 670 865 709 cultura
900 674 1044 710 nostra
1074 671 1126 710 de
1157 670 1484 725 Peniggescroft
1523 671 1570 709 in
1611 670 1882 724 longitudine

359 746 492 785 usque
523 733 575 772 ad
607 734 769 773 exitum
801 737 987 787 pasturae
1024 733 1217 787 ejusdem
1251 734 1429 774 Roberti
1462 734 1514 774 de
1540 732 1882 787 Dippingholm,¹

360 800 404 836 et
425 797 469 835 in
490 796 718 836 latitudine
742 811 765 836 a
787 811 910 850 parco
931 801 1075 837 nostro
1096 811 1231 851 usque
1254 797 1307 837 ad
1329 811 1483 850 aquam
1497 797 1549 837 de
1570 798 1683 838 Yore
1697 797 1882 850 ubique;

359 859 427 899 Ita
463 861 574 913 quod
608 874 686 900 nec
721 875 797 900 nos
830 875 908 901 nec
946 875 1205 902 successores
1240 863 1376 902 nostri
1411 875 1490 901 nec
1522 862 1677 914 aliquis
1708 862 1883 901 nomine

358 926 502 962 nostro
522 924 568 962 in
590 924 761 978 erbagio
784 925 908 965 dictae
929 928 1114 978 pasturae
1135 926 1449 965 communicare
1470 925 1721 979 poterimus.
1761 924 1884 965 Salvo

358 987 478 1026 nobis
499 991 670 1027 tantum
693 992 737 1028 et
759 989 1070 1029 successoribus
1091 990 1248 1029 nostris
1279 989 1404 1030 bosco
1434 990 1481 1029 in
1501 992 1594 1029 tota
1614 989 1689 1029 illa
1710 992 1884 1042 pastura

358 1052 576 1092 crescenti.
637 1052 889 1092 Tenendum
912 1055 956 1092 et
976 1052 1223 1093 habendum
1255 1053 1395 1093 eidem
1415 1053 1588 1093 domino
1619 1052 1808 1093 Roberto
1839 1055 1885 1092 et

358 1113 597 1155 haeredibus
629 1116 728 1166 suis,
761 1116 908 1167 libere,
941 1118 1102 1170 quiete,
1134 1120 1178 1157 et
1208 1117 1398 1170 pacifice,
1421 1117 1474 1157 de
1505 1116 1627 1157 nobis
1650 1120 1695 1156 et
1715 1130 1884 1156 succes-

360 1178 521 1218 soribus
542 1180 713 1230 nostris,
735 1194 870 1233 usque
891 1181 944 1220 ad
965 1181 1203 1221 terminum
1236 1181 1545 1234 supradictum,
1566 1181 1613 1220 in
1636 1180 1884 1234 seperabili-

357 1245 460 1282 tate.
522 1243 588 1282 Ita
610 1244 722 1296 quod
743 1257 829 1283 non
850 1245 978 1284 liceat
999 1245 1136 1295 nobis,
1158 1258 1237 1285 nec
1267 1244 1577 1285 successoribus
1599 1245 1755 1284 nostris
1776 1243 1886 1284 infra

358 1306 592 1346 terminum
623 1308 890 1360 praedictum,
922 1323 1021 1348 cum
1052 1310 1206 1349 averiis
1237 1310 1395 1349 nostris
1428 1322 1504 1349 seu
1534 1308 1701 1359 alienis,
1722 1308 1884 1348 ibidem

130 1384 211 1413 nent
226 1384 259 1413 of
360 1372 683 1412 communicare.
746 1372 980 1413 Reddendo
1001 1373 1102 1413 inde
1124 1374 1350 1413 annuatim
1370 1372 1492 1413 nobis
1508 1376 1553 1412 et
1574 1372 1885 1412 successoribus

130 1423 326 1491 ‘Jssdsujffvear-
361 1434 531 1483 nostris,
568 1435 620 1474 ad
656 1438 903 1476 scaccariam
943 1441 1135 1477 nostram
1176 1438 1228 1477 de
1270 1436 1437 1490 Ripon’,
1479 1440 1661 1490 quatuor
1701 1436 1798 1475 libr.
1841 1441 1884 1476 et

242 1494 249 1500 “
361 1497 584 1537 duodecim
624 1499 768 1539 denar.
811 1500 1002 1554 sterling,
1044 1501 1097 1541 ad
1137 1501 1243 1541 duos
1279 1501 1382 1540 anni
1422 1501 1642 1550 terminos,
1684 1499 1886 1539 videlicet

361 1561 637 1601 medietatem
670 1563 722 1602 ad
756 1564 1058 1615 Pentecosten,
1097 1568 1141 1605 et
1173 1565 1300 1604 aliam
1336 1564 1617 1604 medietatem
1644 1564 1697 1603 ad
1724 1563 1885 1603 festum

362 1624 506 1663 Sancti
529 1625 709 1665 Martini
731 1627 777 1666 in
797 1641 935 1680 yeme,
958 1642 1033 1681 pro
1064 1629 1181 1668 omni
1214 1629 1391 1668 servicio
1424 1627 1627 1678 saeculari,
1651 1627 1885 1676 exaccione,

361 1692 405 1727 et
437 1688 655 1729 demanda.
718 1690 805 1730 Nos
841 1705 940 1732 vero
974 1692 1116 1732 dictus
1147 1691 1331 1732 Thomas
1365 1695 1411 1732 et
1453 1705 1710 1731 successores
1751 1690 1886 1730 nostri

361 1755 494 1791 totam
535 1754 779 1805 praedictam
821 1755 1050 1807 culturam,
1092 1770 1180 1796 una
1219 1771 1318 1796 cum
1358 1760 1532 1810 pastura
1571 1756 1788 1809 praedicta,
1834 1768 1886 1794 ex

362 1821 539 1868 utraque
561 1821 679 1870 parte
701 1832 819 1871 aquae
842 1820 894 1860 de
916 1821 1042 1870 Yore,
1065 1821 1179 1860 dicto
1195 1821 1370 1860 domino
1386 1820 1572 1860 Roberto
1587 1823 1631 1860 et
1647 1818 1886 1859 haeredibus

363 1879 448 1917 suis
470 1893 605 1933 usque
626 1882 677 1921 ad
700 1882 829 1923 finem
851 1885 1028 1924 termini
1061 1885 1310 1938 supradicti,
1333 1888 1480 1924 contra
1502 1897 1648 1923 omnes
1670 1883 1887 1936 acquieta-

361 1942 502 1981 bimus
534 1947 575 1983 et
609 1944 903 1987 defendemus
966 1949 1019 1988 In
1051 1948 1173 2001 cujus
1204 1949 1268 1988 rei
1288 1948 1589 1988 testimonium
1610 1947 1724 2000 parti
1755 1945 1885 2000 hujus

364 2006 506 2058 scripti
529 2007 784 2061 cirograffati
802 2024 932 2063 penes
944 2011 1171 2065 praefatum
1185 2012 1409 2052 dominum
1423 2011 1660 2051 Robertum
1681 2009 1886 2051 residenti

132 2075 309 2106 witness-es.
362 2069 550 2120 sigillum
571 2076 764 2113 nostrum
787 2077 854 2114 est
873 2088 1124 2128 appensum.
1167 2076 1264 2115 Hiis
1285 2076 1483 2126 testibus,
1506 2075 1690 2115 dominis
1713 2073 1885 2115 Simone

363 2130 400 2169 le
424 2132 564 2184 Ward,
587 2138 631 2173 et
662 2135 848 2177 Roberto
879 2138 920 2177 le
953 2138 1142 2191 Cuniers,
1164 2140 1404 2188 militibus3
1436 2140 1623 2179 Henrico
1645 2139 1699 2178 de
1720 2137 1886 2191 Eyvile,

363 2194 555 2235 ι1011011116
578 2198 630 2237 de
653 2199 924 2251 Munketon',
955 2202 1161 2243 Nicholao
1183 2203 1235 2243 de
1269 2204 1363 2253 Dal,
1396 2206 1441 2243 et
1471 2204 1579 2243 aliis.
1641 2203 1740 2242 Dat.
1772 2201 1886 2255 apud

363 2257 547 2312 Otteley,
569 2261 637 2300 die
660 2262 810 2303 Martis
831 2265 877 2304 in
899 2266 1137 2319 septimana
1158 2266 1480 2316 Pent-hecostes,
1497 2280 1608 2306 anno
1629 2266 1751 2320 regni
1773 2265 1887 2319 regis

363 2321 553 2362 litlwardi
576 2324 735 2377 xxxj¹¹¹⁰.

449 2384 501 2424 Et
526 2385 610 2425 fuit
630 2386 708 2428 hoc
731 2391 935 2444 scriptum
957 2393 1289 2448 cirograffatum,
1312 2394 1434 2448 cujus
1456 2394 1590 2434 altera
1610 2406 1705 2447 pars
1727 2392 1887 2432 residet

364 2460 491 2499 penes
513 2450 735 2492 dominum
757 2455 835 2494 sub
857 2456 997 2509 sigillo
1019 2458 1123 2497 dicti
1147 2458 1313 2498 militis.

435 2574 606 2611 CXCIII.
643 2578 807 2614 LEASE
841 2580 903 2616 OF
936 2582 1119 2618 TITHES
1153 2584 1216 2619 OF
1250 2584 1376 2619 NIDD
1411 2584 1472 2619 TO
1504 2584 1609 2619 THE
1643 2582 1815 2617 VICAR.

890 2649 1034 2694 (Rrr‘ox
1059 2652 1239 2687 CnArmR
1264 2652 1360 2697 MS.)

849 2712 1416 2750 ABCDEFGHI,

455 2769 554 2810 Ilaec
576 2772 803 2815 indentura
825 2779 1010 2818 testatur
1035 2779 1146 2831 quod
1169 2778 1417 2832 Capitulum
1440 2778 1628 2819 eeclesiae
1649 2777 1886 2831 collegiatae

244 2834 275 2851 “s
292 2828 321 2851 ‘⁰
370 2831 527 2883 Hypon'
544 2838 745 2876 concessit
769 2842 812 2878 et
835 2840 887 2879 ad
910 2840 1073 2882 firmam
1095 2843 1261 2883 dimisit
1281 2842 1468 2884 Johanni
1491 2842 1643 2893 CortiS,
1657 2841 1813 2883 vicario
1834 2841 1886 2881 de

811 2912 866 2954 (l)
895 2913 1017 2948 (lalled
1039 2914 1128 2949 nob.
1149 2915 1190 2949 dc
1210 2915 1412 2950 Numicwik
1431 2915 1553 2950 above.

140 2777 203 2798 Alb.
225 2771 305 2798 inst.

140 2823 236 2860 (sitnia
