1935 3151
64 130 158 178 236

64 387 169 418 Dolcs.

64 649 153 685 Corn,
171 649 230 678 im-

64 690 227 727 plements,

65 729 127 758 aud
141 729 247 757 cattle.

67 970 251 1010 Buildings.

70 1227 107 1256 Ti
112 1227 198 1257 ruber

71 1267 148 1297 sold.

75 1359 174 1388 Rents
188 1358 248 1388 due

71 1402 104 1427 to
119 1398 172 1426 the

74 1436 219 1476 hospital.

781 141 1058 176 MEMORIALS
1094 142 1152 176 OF
1188 142 1348 177 RIPON.

297 268 477 308 annum,
499 258 545 296 et
565 254 746 296 cuilibet
766 254 932 308 leproso
963 267 1101 294 unum
1127 252 1213 309 pelo
1242 254 1454 295 frumenti
1479 256 1524 294 et
1544 266 1681 294 unum
1703 253 1836 295 dena-

299 322 427 370 rium,
445 334 540 373 quae
562 314 698 359 facere
717 322 783 359 est
804 322 994 371 paratus.
1045 319 1161 359 Item
1173 322 1349 359 tenetur
1367 319 1550 372 singulis
1566 318 1717 359 diebus
1733 318 1835 359 festi

301 385 447 424 Beatae
487 384 638 423 Mariae
669 382 938 437 Magdalenae
979 382 1236 423 distribuere
1277 383 1538 437 pauperibus
1578 382 1631 422 ad
1667 382 1834 422 dictum

301 447 513 501 hospitale
544 447 833 496 venientibus,
865 446 1067 486 videlicet
1097 447 1275 487 cuilibet
1306 461 1444 486 unum
1484 460 1639 500 panem
1673 450 1719 486 et
1749 447 1834 486 duo

301 512 465 563 allecia,
503 511 571 550 vel
607 510 792 550 valorem
825 510 1086 561 alleciorum,
1125 514 1191 551 set
1223 511 1375 551 dicunt
1403 511 1516 564 quod
1543 523 1619 564 per
1652 505 1835 563 quatuor

301 589 434 616 annos
464 575 654 629 proxime
683 574 861 627 elapsos,
897 574 1018 614 nulla
1052 575 1193 615 allicia
1224 575 1460 616 distribuit.
1522 575 1637 615 Item
1669 573 1837 614 invenit

301 641 470 695 quando
502 639 640 679 factus
678 639 764 679 fuit
807 638 974 690 Custos,
1010 653 1212 693 magnam
1247 644 1416 693 partem
1449 643 1576 680 terrae
1612 637 1836 692 hospitalis

299 705 493 759 praedicti
514 705 768 744 seminatam
789 717 889 743 cum
910 703 1128 744 frumento
1145 707 1189 744 et
1210 704 1422 744 sufficiens
1442 716 1589 744 semen
1605 703 1839 758 cujuslibet

299 769 470 823 generis
512 768 627 808 bladi
678 768 725 807 in
775 767 953 821 grangia
1002 767 1255 808 remanens¹
1297 766 1416 823 (pro)
1457 770 1572 807 terra
1610 766 1836 820 hospitalis

301 834 497 887 praedicti
525 832 788 882 seminanda,
811 835 858 872 et
878 845 1010 871 unam
1031 845 1227 872 carucam
1249 845 1348 871 eum
1370 831 1443 885 viij
1467 831 1618 883 bobus,
1640 835 1685 871 et
1706 845 1838 871 unam

301 901 511 937 carectam
531 896 750 945 ferratam,
781 909 881 935 cum
912 895 958 949 iij
984 896 1120 950 equis.
1182 895 1239 935 Et
1261 897 1320 936 sic
1342 895 1525 936 habetur
1545 896 1592 935 in
1622 895 1836 949 praesenti.

303 962 419 1002 Item
449 961 601 1001 dicunt
633 960 747 1014 quod
767 960 891 1013 plura
917 960 1069 1000 domus
1093 963 1137 1001 et
1157 960 1338 1000 aedificia
1367 959 1481 1013 apud
1504 959 1706 1013 Stodelay
1727 967 1838 998 tem-

303 1039 406 1079 pore
427 1024 558 1078 hujus
582 1023 780 1065 Custodis
804 1027 906 1064 sunt
926 1024 1070 1064 diruta
1091 1027 1136 1064 et
1156 1027 1380 1077 prostrata,
1404 1028 1449 1064 et
1469 1024 1591 1077 plura
1613 1023 1839 1063 debilitata

305 1094 350 1130 et
371 1091 559 1129 ruinosa.
620 1089 736 1129 Item
758 1088 909 1128 dicunt
930 1089 1044 1141 quod
1066 1088 1265 1128 similiter
1285 1088 1399 1141 apud
1421 1087 1595 1128 Ilketon
1624 1086 1662 1141 vj
1687 1086 1840 1127 domus

304 1154 555 1194 tenencium
596 1166 691 1206 quae
732 1151 911 1192 fuerunt
953 1151 1149 1206 ejusdem
1190 1151 1414 1206 hospitalis
1457 1155 1559 1192 sunt
1599 1151 1754 1191 dirutae
1795 1154 1841 1191 et

304 1221 540 1272 prostratae.
592 1217 708 1257 Item
731 1217 882 1256 dicunt
903 1217 1017 1270 quod
1038 1216 1180 1256 dictus
1203 1216 1355 1257 Custos
1377 1216 1558 1256 succidit
1580 1218 1623 1256 et
1643 1215 1841 1255 vendidit

305 1282 474 1321 circiter
505 1281 788 1334 quadraginta
809 1280 996 1320 fraxinos
1018 1294 1112 1334 quae
1135 1280 1313 1320 fuerunt
1344 1280 1451 1321 dicti
1481 1279 1706 1333 hospitalis
1734 1293 1841 1332 prae-

307 1345 440 1386 dicti²
469 1345 583 1398 apud
616 1344 792 1397 Stodlay
814 1345 947 1398 precii
979 1344 1203 1398 sexaginta
1236 1345 1480 1385 solidorum.
1542 1345 1657 1384 Item
1688 1343 1841 1383 dicunt

307 1409 421 1463 quod
438 1408 680 1447 Willelmus
697 1408 749 1447 de
765 1407 972 1461 Stopham
995 1408 1124 1448 debet
1145 1408 1285 1448 eidem
1299 1407 1502 1461 hospitali
1518 1408 1622 1448 duas
1641 1406 1840 1447 solidatas

306 1473 440 1513 annui
461 1472 655 1512 redditus
677 1485 752 1524 pro
774 1472 1018 1512 firmacione
1042 1472 1184 1525 stagni
1214 1472 1453 1512 molendini
1479 1472 1593 1525 apud
1614 1469 1840 1522 Mulwath,

308 1541 353 1577 et
374 1537 573 1576 dominus
597 1536 756 1589 Symon
777 1537 908 1576 XVard
928 1535 990 1590 iiij
1026 1536 1146 1576 solid.
1179 1536 1312 1576 annm·
1343 1536 1536 1576 redditus
1568 1549 1644 1589 pro
1674 1539 1764 1575 ten.
1795 1535 1842 1574 in

309 1600 485 1653 Newby,
517 1603 562 1639 et
594 1598 814 1640 Johannes
844 1600 973 1653 Scayf
999 1599 1029 1653 ij
1062 1599 1183 1640 solid.
1221 1614 1296 1652 pro
1332 1603 1422 1640 ten.
1457 1600 1504 1640 in
1537 1598 1716 1652 Rypon'.
1777 1598 1842 1639 De

310 1665 465 1718 quibus
487 1664 741 1715 redditibus,
764 1668 941 1718 excepto
954 1664 1158 1717 praedicto
1174 1664 1363 1714 redditu,
1381 1677 1510 1718 quem
1526 1664 1667 1704 dictus
1683 1663 1843 1716 Symon

310 1729 454 1778 debet,
477 1729 617 1768 dictus
641 1728 792 1769 Custos
823 1742 911 1769 non
941 1728 1028 1768 fuit
1060 1729 1247 1779 seisitus,
1269 1742 1348 1768 nec
1379 1729 1597 1768 accionem
1623 1728 1725 1768 inde
1746 1741 1844 1780 pro-

311 1793 584 1846 sequebatur.
646 1792 700 1832 In
730 1792 853 1846 cujus
884 1793 946 1832 rei
976 1793 1279 1832 testimonium
1301 1792 1467 1845 praefati
1483 1792 1620 1846 jurati
1641 1791 1844 1846 praesenti

310 1856 585 1910 inquisicioni
618 1856 758 1912 sigilla
791 1870 868 1898 sua
899 1860 1207 1911 apposuerunt.
1269 1856 1368 1897 Dat.
1401 1856 1485 1908 die,
1517 1870 1642 1907 anno,
1677 1859 1722 1896 et
1752 1855 1843 1895 loco

313 1921 581 1974 supradictis.

400 1985 606 2025 Visitacio
639 1984 750 2025 facta
786 1999 860 2038 per
895 1985 1152 2039 magistrum
1185 1984 1323 2025 Adam
1356 1984 1409 2025 de
1445 1984 1764 2038 Twyselington
1800 1986 1845 2023 et

313 2048 553 2088 Robertum
574 2049 626 2089 de
648 2048 904 2102 Mydilham,
925 2049 1194 2103 assingnatos
1219 2063 1295 2102 per
1317 2049 1660 2088 commissionem
1682 2047 1846 2087 domini

314 2113 444 2167 Regis
481 2111 581 2152 huic
622 2113 863 2153 visitacioni
904 2117 1143 2163 consutam,
1185 2113 1238 2153 ad
1280 2112 1641 2166 supervidendum
1683 2115 1845 2151 statum

246 2176 253 2184 ”
314 2175 537 2229 hospitalis
570 2176 736 2217 Sanctae
764 2177 913 2217 Mariae
945 2177 1211 2230 Magdalenae
1243 2177 1295 2216 de
1328 2176 1508 2230 Rypon’,
1530 2190 1576 2216 ac
1599 2175 1845 2225 Custodem,

86 2567 258 2596 Examina-

85 2607 150 2635 tion
167 2607 201 2635 of
213 2606 265 2635 the

87 2646 197 2682 kccper
212 2646 245 2674 of

86 2685 142 2713 tho
159 2685 227 2712 hos-

111 2723 175 2759 ital,
193 2733 226 2751 as
241 2726 272 2752 to

87 2732 137 2792 iiis
152 2767 271 2793 tenure.

315 2239 481 2290 fratres,
517 2243 561 2280 et
599 2254 759 2280 sorores
804 2240 999 2294 ejusdem
1040 2240 1263 2294 hospitalis
1301 2240 1580 2290 visitandum,
1612 2244 1657 2279 et
1692 2242 1845 2279 caetera

316 2303 511 2343 facienda
532 2317 626 2357 quae
648 2304 693 2343 in
715 2304 830 2344 dicta
852 2304 1148 2344 commissione
1170 2304 1462 2353 continentur,
1485 2304 1553 2343 die
1577 2303 1710 2343 Lunae
1726 2316 1843 2356 prox,

316 2371 414 2420 post
437 2367 617 2407 Octabas
640 2368 787 2408 Sancti
807 2369 988 2409 Martini
1005 2369 1051 2408 in
1071 2382 1208 2422 yeme,
1231 2381 1342 2407 anno
1362 2368 1484 2421 regni
1501 2367 1631 2420 Regis
1649 2366 1844 2406 Edwardi

316 2431 439 2470 tercii
471 2435 568 2484 post
598 2436 893 2484 conquaestum
913 2434 1080 2487 Angliae
1103 2433 1304 2473 vicesimo
1336 2436 1469 2482 sexto,
1491 2431 1604 2485 apud
1633 2431 1844 2484 hospitale

318 2495 587 2548 praedictum.
651 2495 782 2549 Cujus
814 2497 1126 2537 commissionis
1158 2497 1334 2547 virtute,
1357 2495 1470 2536 dicto
1501 2496 1570 2535 die
1602 2496 1648 2535 in
1671 2495 1846 2549 praefato

319 2557 537 2612 hospitali,
547 2559 719 2599 domino
733 2560 757 2600 J
762 2559 927 2599 ohanne
941 2561 994 2601 de
1012 2559 1367 2614 Briddelington'‚
1382 2559 1598 2613 capellano
1608 2563 1653 2599 et
1662 2558 1846 2599 Custode

320 2622 529 2675 ejusdem,
552 2624 789 2677 singilatim
811 2625 1052 2665 examinato
1075 2639 1201 2678 super
1219 2628 1480 2664 sacramento
1503 2637 1578 2663 suo
1600 2623 1699 2663 inde
1721 2637 1848 2676 praes-

320 2687 403 2726 tito
426 2701 553 2740 super
575 2688 754 2727 veritate
778 2688 949 2728 dicendi
981 2702 1107 2742 super
1140 2692 1258 2728 statu
1290 2688 1395 2728 dicti
1426 2687 1664 2740 hospitalis,
1688 2690 1733 2726 et
1753 2686 1847 2726 aliis

321 2752 534 2791 contentis
570 2751 616 2791 in
653 2751 953 2791 commissione
987 2753 1228 2805 supradicta
1246 2768 1255 2793 :
1290 2752 1373 2799 Qui
1405 2751 1511 2791 dicit
1547 2750 1599 2790 de
1636 2750 1765 2791 verbo
1800 2751 1847 2790 in

652 2841 708 2883 (1)
736 2839 935 2885 Originally
953 2841 1225 2886 ‘pei-manente,’
1242 2841 1305 2876 but
1322 2840 1466 2874 altered.

653 2894 708 2936 (2)
737 2895 745 2911 ¹
761 2891 932 2928 l’raedicti
948 2893 954 2903 '
970 2893 1114 2928 marked
1133 2894 1224 2929 with
1242 2893 1318 2939 sign
1335 2893 1375 2928 of
1395 2904 1545 2928 erasure.
