1935 3151
585 156 813 191 ORIGINAL
847 155 1139 190 DOCUMENTS.

93 283 220 311 causa
254 270 511 324 supradicta,
548 274 593 310 et
627 272 789 309 statum
822 282 952 323 quem
987 268 1104 309 idem
1136 266 1356 309 Johannes
1389 267 1440 307 de
1476 266 1626 306 Bride-

94 334 289 389 lyngton'
323 334 453 375 habet
489 335 533 374 in
575 333 776 387 hospitali
812 333 1017 387 praedict0
1059 346 1110 373 ex
1150 332 1381 372 collacione
1416 331 1625 371 Willelmi

93 412 231 452 nuper
263 398 578 453 Archiepiscopi
611 399 752 448 Ebor.,
775 402 986 452 quantum
1018 398 1062 437 in
1084 397 1206 438 nobis
1229 401 1309 448 est,
1331 409 1407 449 pro
1428 396 1550 436 nobis
1582 398 1626 435 et

93 461 334 504 haeredibus
365 465 524 504 nostris
549 463 640 517 jam
672 464 918 516 accipimus,
940 462 1213 512 ratificamus,
1246 465 1291 501 et
1327 460 1625 514 approbamus.

92 527 147 567 In
187 528 310 581 cujus
351 529 415 568 rei
455 528 755 568 testimonium
796 525 871 566 has
912 527 1059 567 literas
1100 529 1268 566 nostras
1308 524 1402 564 fieri
1443 523 1626 564 fecimus

91 595 305 645 patentes„
353 593 481 632 Teste
502 605 572 631 me
594 593 685 645 ipso
705 592 818 644 apud
840 591 1074 640 Porcestre,
1097 591 1248 644 quinto
1265 589 1333 629 die
1356 588 1493 638 Junii,
1514 602 1626 628 anno

91 657 215 710 regni
246 657 380 697 nostri
411 657 578 711 Angliae
610 657 825 707 vicesimo,
856 657 981 710 regni
1012 668 1110 695 vero
1141 654 1277 694 nostri
1309 653 1499 694 Franciae
1532 666 1626 706 sep-

31 748 35 752 ·
91 720 213 760 timo.

179 783 347 824 Profert
378 784 514 824 eciam
544 781 615 824 hic
645 784 774 825 breve
806 782 970 824 domini
1002 782 1134 837 Regis
1167 781 1360 823 clausum
1400 781 1515 835 quod
1546 779 1624 820 hoc

88 850 278 888 testatur
298 849 343 887 in
365 847 454 888 haec
475 849 616 889 verba.

179 912 425 963 Edwardus,
456 913 537 953 Dei
558 914 700 967 gracia
732 913 822 953 Rex
850 912 1018 967 Angliae
1053 915 1098 952 et
1127 911 1318 952 Franciae
1351 915 1396 952 et
1426 910 1624 951 dominus

90 976 327 1027 Hiberniae,
349 978 519 1017 dilectis
542 981 587 1018 et
607 977 806 1018 fidelibus
829 978 917 1017 suis
940 977 1160 1016 Willelmo
1183 976 1295 1026 Scot,
1316 975 1369 1015 de
1392 975 1513 1015 sociis
1537 975 1623 1014 suis

90 1040 117 1081 J
121 1041 352 1081 usticiariis
373 1041 425 1081 ad
447 1042 604 1094 placita
624 1055 765 1082 coram
796 1041 918 1081 nobis
949 1040 1137 1081 tenenda
1157 1040 1402 1094 assignatis,
1426 1039 1624 1079 salutem.

92 1104 200 1145 Cum
231 1119 382 1159 nuper,
406 1110 609 1160 suggesto
630 1106 752 1146 nobis
774 1119 851 1159 per
881 1104 1124 1146 Johannem
1155 1104 1194 1144 le
1229 1104 1385 1154 Smale,
1407 1103 1624 1153 clericum,

90 1169 205 1222 quod
257 1168 477 1210 Johannes
520 1171 571 1211 de
614 1171 951 1224 Bredelyngton,
994 1170 1174 1209 clericus
1216 1167 1439 1221 hospitalis
1481 1168 1625 1207 Beatae

90 1233 240 1273 Mariae
271 1234 538 1288 Magdalanae
569 1236 622 1275 de
654 1234 807 1288 Ripon’
828 1234 944 1274 diem
975 1233 1130 1273 clausit
1161 1236 1417 1282 extremum,
1439 1235 1484 1271 et
1512 1231 1626 1284 quod

89 1296 262 1337 collacio
305 1298 497 1351 ejusdem
539 1298 764 1352 hospitalis
796 1298 849 1338 ad
880 1312 957 1337 nos
988 1296 1244 1351 pertinebat,
1276 1295 1488 1350 hospitale
1520 1309 1627 1348 prae-

90 1361 257 1401 dictum
299 1362 473 1415 praefato
525 1362 713 1404 Johanni
754 1363 794 1403 le
837 1362 980 1403 Smale
1021 1362 1074 1401 ad
1114 1361 1462 1414 procuracionem
1505 1373 1625 1399 suam

90 1425 415 1476 contulerimus,
451 1440 528 1480 per
568 1427 682 1480 quod
719 1427 835 1466 idem
877 1425 1096 1467 ,Iohannes
1132 1425 1173 1465 le
1215 1424 1356 1465 Smale
1397 1423 1626 1477 praefatum

89 1488 333 1530 ,Iohannem
374 1490 427 1530 de
464 1490 791 1546 Bridelyngton’
829 1503 956 1544 super
997 1489 1261 1543 possessione
1295 1501 1371 1528 sua
1403 1486 1625 1540 hospitalis

90 1554 298 1607 praedicti,
340 1555 452 1608 quod
489 1569 513 1595 a
553 1555 683 1610 longo
724 1560 918 1609 tempore
958 1554 1132 1608 pacifice
1174 1553 1335 1604 tenuit,
1376 1551 1540 1606 injuste
1581 1555 1625 1592 et

89 1618 329 1659 voluntarie
351 1620 609 1671 molestavit,
624 1624 669 1660 et
690 1634 781 1670 nos,
798 1634 873 1673 pro
896 1633 945 1659 eo
966 1619 1080 1672 quod
1100 1632 1247 1658 sumus
1264 1616 1626 1657 certitudinaliter

89 1682 310 1722 informati
332 1684 444 1735 quod
466 1685 695 1737 praedictus
727 1684 755 1725 J
758 1682 947 1723 ohannes
979 1684 1031 1723 de
1064 1680 1398 1735 Bredelyngton'
1419 1680 1625 1733 corporali

89 1747 252 1800 gaudet
284 1748 503 1800 sospitate,
535 1751 579 1788 et
610 1748 723 1801 quod
749 1747 822 1801 jus
855 1747 1101 1787 conferendi
1122 1745 1336 1799 hospitale
1356 1745 1625 1798 praedictum,

88 1814 218 1864 prout
258 1811 380 1851 nobis
421 1812 572 1851 datum
612 1811 697 1851 fuit
727 1811 931 1865 intelligi,
967 1824 1054 1850 non
1089 1808 1313 1859 habemus,
1350 1808 1624 1848 collacionem

89 1884 280 1915 nostram
301 1876 550 1928 praedictam
572 1876 749 1930 praefato
771 1874 959 1915 Johanni
980 1874 1021 1914 le
1045 1873 1186 1915 Smale
1209 1873 1261 1913 de
1283 1873 1398 1912 dicto
1420 1871 1623 1925 hospitali

89 1939 149 1979 sic
170 1939 326 1979 factam
348 1941 684 1980 revocaverimus
706 1953 758 1980 ex
789 1953 914 1979 causa
946 1938 1201 1992 supradicta,
1224 1940 1267 1977 et
1301 1940 1462 1976 statum
1494 1949 1623 1989 quem

88 2004 205 2043 idem
227 2004 254 2044 J
257 2003 445 2044 ohannes
467 2005 519 2045 de
543 2003 869 2058 Bridelyngton'
890 2002 1020 2044 habet
1042 2003 1087 2042 in
1109 2001 1313 2055 hospitali
1335 2001 1540 2054 praedicto
1571 2014 1623 2040 ex

88 2068 318 2107 collacione
333 2068 540 2108 willelmi
556 2083 692 2122 nuper
710 2067 1028 2121 Archiepiscopi
1050 2066 1193 2116 Ebor.,
1210 2069 1423 2119 quantum
1438 2065 1484 2104 in
1500 2064 1623 2104 nobis

89 2135 170 2181 est,
206 2146 281 2185 pro
317 2132 439 2172 nobis
472 2136 514 2173 et
551 2132 793 2173 haeredibus
824 2132 981 2172 nostris
1023 2129 1400 2183 acceptaverimus,
1436 2128 1622 2167 ratifica-

88 2196 290 2245 verimus,
313 2200 358 2236 et
379 2196 767 2250 approbaverimus‚
789 2199 917 2250 prout
946 2196 993 2234 in
1025 2194 1162 2233 literis
1194 2193 1350 2232 nostris
1372 2192 1623 2245 patentibus

88 2260 190 2300 inde
241 2259 444 2300 confectis
485 2260 656 2314 plenius
698 2261 976 2308 continetur3
1027 2257 1157 2297 Vobis
1199 2256 1469 2306 mandamus,
1511 2255 1624 2309 quod

89 2325 249 2378 placito
280 2325 393 2378 quod
424 2326 587 2378 pendet
615 2339 756 2365 coram
787 2325 910 2364 nobis
941 2337 1017 2377 per
1042 2322 1171 2362 breve
1193 2325 1389 2361 nostrum
1412 2321 1525 2360 inter
1546 2334 1622 2360 nos

90 2392 135 2429 et
155 2390 407 2442 praedietum
428 2390 456 2430 J
460 2389 673 2431 ohannem
695 2390 747 2430 de
776 2386 1102 2441 Bridelyngton’
1124 2386 1176 2426 de
1198 2384 1398 2438 hospitali
1420 2385 1623 2438 praedicto

89 2467 141 2493 ex
171 2467 297 2493 causa
327 2454 530 2507 praedicta
562 2453 875 2507 supersedeatis
907 2453 1096 2501 omnino,
1118 2451 1263 2503 ipsum
1294 2448 1537 2490 ,Iohannem
1569 2448 1623 2488 de

88 2517 427 2571 Bridelyngton'‚
441 2522 587 2558 contra
606 2522 801 2558 tenorem
823 2517 1047 2557 literarum
1068 2519 1310 2554 nostrarum
1323 2513 1622 2567 praedictarum

88 2594 175 2620 non
215 2581 495 2621 molestantes
532 2595 608 2621 seu
643 2585 886 2635 gravantes.
948 2581 1076 2620 Teste
1118 2577 1322 2618 Leonello
1355 2576 1444 2615 filio
1476 2580 1622 2616 nostro

88 2645 318 2695 carissimo,
337 2645 522 2686 Custode
537 2646 717 2699 Angliae,
739 2646 852 2698 apud
873 2645 1043 2684 Turrim
1058 2641 1263 2691 London’‚
1277 2640 1333 2694 vij
1352 2640 1420 2680 die
1435 2640 1623 2679 Novem-

87 2708 191 2758 bris,
222 2722 333 2749 anno
373 2709 497 2763 regni
538 2709 675 2749 nostri
715 2709 884 2764 Angliae
925 2708 1142 2756 vicesimQ
1183 2705 1306 2759 regni
1346 2717 1445 2744 vero
1485 2704 1622 2744 nostri

89 2772 126 2812 F
127 2773 279 2812 ranciae
303 2773 499 2826 septimo.

179 2836 281 2876 Ideo
301 2837 620 2877 consideratum
652 2840 715 2876 est
750 2837 862 2890 quod
884 2836 1112 2890 praedictus
1145 2832 1364 2874 Johannes
1396 2832 1447 2871 de
1471 2832 1620 2872 Bride-

89 2899 283 2954 lyngton'
300 2900 352 2940 ad
374 2914 559 2954 praesens
582 2907 648 2941 cat
672 2901 772 2941 inde
796 2901 888 2941 sine
911 2900 979 2940 dic
1003 2904 1085 2939 etc.
1123 2898 1246 2939 Salvo
1258 2895 1356 2950 jure
1375 2896 1520 2950 Regis,
1539 2900 1622 2936 etc.

1763 141 1856 189 233

1660 272 1754 302 letter
1769 276 1802 302 to

1660 311 1744 341 John
1761 311 1790 342 le

1660 350 1775 381 Smale.

1658 922 1727 952 The
1741 923 1847 962 king’s

1659 963 1751 991 letter
1766 967 1799 991 to

1659 1002 1707 1031 his
1717 1002 1832 1039 judgcs

1659 1046 1691 1070 to
1707 1042 1760 1070 the
1775 1050 1860 1071 same

1659 1081 1757 1115 effect,

1659 1120 1739 1149 Nox'.
1757 1121 1782 1155 7,

1660 1168 1728 1189 A.D.
1746 1161 1832 1190 1346.

1658 1945 1742 1975 John
1758 1945 1796 1974 de

1660 1985 1819 2022 Bridling-

1658 2027 1713 2053 ton
1729 2025 1755 2053 is
1769 2034 1841 2054 cou-

1658 2064 1764 2093 firmcd
1778 2064 1812 2092 in

1658 2103 1709 2132 his
1728 2106 1857 2132 master-

1659 2142 1736 2179 ship.
1755 2143 1816 2171 and
1832 2143 1858 2171 is

1658 2185 1712 2210 not
1728 2185 1759 2211 to
1775 2181 1813 2210 be

1659 2220 1817 2250 molested.
