1935 3151
564 152 789 185 oRffllNAh
829 151 1112 185 nocUMlQNTS.

72 279 166 306 suni
195 269 239 306 et
260 264 633 318 colnputacionem
658 264 861 304 Ecclesiae
883 264 1129 318 Anglicanae
1152 262 1384 302 millesimo
1405 261 1608 314 quadrin-

68 331 312 384 gentesimo
333 329 624 382 octuagesimo
648 329 847 379 secundo,
870 329 1114 368 Indiccione
1147 328 1299 381 prima,
1322 326 1605 366 Pontificatus

70 394 327 434 sanctissimi
364 393 408 431 in
444 391 613 432 Christo
640 394 774 446 patris
804 396 847 432 et
885 393 1049 431 domini
1088 392 1238 442 nostri,
1275 391 1439 430 domini
1479 390 1604 438 sixti,

71 458 228 497 Divina
258 456 531 511 providencia
562 456 689 510 Papae
721 457 865 510 quarti
897 470 1008 496 anno
1033 456 1300 506 duodecimo,
1323 455 1483 494 mensis
1507 468 1605 493 vero

71 523 264 563 Januarii
286 522 356 561 die
378 534 505 570 nono,
529 521 572 559 in
596 521 778 573 quadam
801 521 962 574 capella
986 520 1133 561 Sancti
1161 520 1348 574 Spiritus
1371 519 1605 573 vulgariter

71 590 319 639 nuncupata
351 584 476 636 Lonq
510 582 704 638 Olcczpell,
727 586 933 638 contigua
966 585 1153 624 ecclesiae
1190 583 1424 624 cathedrali
1459 583 1604 623 Sancti

72 650 194 690 Pauli
230 649 450 698 London’,¹
487 649 531 688 in
564 649 650 688 mei
682 648 893 689 ,Johannis
931 649 1087 702 Emlyn
1119 649 1277 689 notarii
1309 648 1471 702 publici
1505 647 1605 687 sub-

71 716 217 768 scripti
251 718 295 755 et
325 715 507 754 testium
539 713 910 766 infrascriptorum
941 714 1188 767 praesencia,
1212 714 1479 753 constitutus
1510 726 1606 765 per-

70 779 275 819 sonaliter
297 777 553 818 venerabilis
576 779 639 817 vir
662 778 868 832 magister
885 777 1140 831 Radulphus
1163 777 1299 828 Shaw,
1319 778 1453 818 Sacrze
1467 776 1607 817 Theo—

68 843 191 897 logiae
228 843 446 883 Professor
479 855 526 881 ac
556 837 808 892 canonicus,
837 846 887 882 ut
922 843 1121 892 asseruit,
1151 843 1338 882 ecclesiae
1368 842 1606 895 collegiatae

67 908 118 947 de
152 906 349 961 Rippon',
392 906 517 947 Ebor.
550 906 795 956 dioeceseos,
829 921 877 946 ac
910 907 1230 959 praebendarius
1271 906 1509 960 praebendae
1551 906 1604 945 de

68 971 238 1012 Sharow
260 972 305 1010 in
327 971 491 1021 eadem,
515 970 692 1011 dilectos
712 971 791 1010 sibi
809 971 855 1010 in
873 970 1042 1011 Christo
1060 971 1265 1010 discretos
1284 972 1393 1010 viros
1411 970 1605 1010 dominos

69 1036 308 1076 Henricum
330 1035 500 1084 warde,
532 1035 766 1074 Ricardum
798 1036 950 1086 Lucas,
973 1039 1019 1075 et
1049 1034 1259 1075 Thomam
1290 1035 1443 1084 Noble,
1465 1034 1606 1088 capel-

68 1100 185 1140 lanos
207 1100 333 1139 dictae
355 1099 586 1139 dioeceseos
615 1098 894 1153 conjunctim,
922 1102 966 1139 et
996 1113 1144 1139 eorum
1173 1099 1413 1153 quemlibet
1442 1113 1515 1152 per
1547 1113 1605 1149 sc,

68 1165 240 1204 divisim
263 1168 307 1204 et
329 1164 374 1203 in
397 1163 596 1213 solidum,
618 1164 680 1203 ita
702 1164 814 1217 quod
832 1178 918 1203 non
941 1164 995 1203 sit
1013 1163 1165 1203 melior
1182 1164 1375 1203 condicio
1397 1177 1606 1216 occupan—

68 1229 138 1278 tis,
163 1229 234 1268 sed
257 1228 370 1280 quod
390 1241 503 1267 unus
526 1241 673 1267 eorum
696 1228 907 1281 inceperit
932 1228 1117 1281 quilibet
1149 1228 1383 1268 eorundem
1406 1229 1449 1268 id
1473 1227 1604 1267 libere

65 1293 263 1346 prosequi
281 1292 420 1331 valeat
441 1292 630 1331 mediare
652 1293 814 1345 pariter
836 1296 879 1332 et
902 1292 1040 1342 finire,
1057 1306 1154 1332 suos
1177 1306 1297 1332 veros
1320 1297 1364 1331 et
1387 1292 1604 1346 legitimos

65 1358 292 1406 ordinavit,
308 1356 425 1406 fecit,
443 1360 487 1396 et
509 1357 737 1396 constituit
751 1360 1059 1410 procuratores,
1073 1361 1251 1406 actores,
1267 1357 1460 1407 factores,
1474 1370 1606 1410 nego-

64 1423 311 1475 ciornmque
336 1435 508 1461 suorum
525 1425 716 1475 gestores
729 1436 776 1461 ac
793 1422 973 1461 nuncios
992 1422 1209 1475 speciales,
1224 1422 1430 1475 deditque
1446 1426 1489 1461 et
1506 1435 1606 1460 con—

64 1487 191 1526 cessit
206 1487 321 1525 idem
335 1486 603 1525 constituens
618 1485 805 1539 praefatis
822 1487 908 1525 suis
920 1486 1265 1539 procuratoribus
1279 1486 1545 1539 conjunctim
1561 1490 1606 1525 ct

65 1561 211 1588 eorum
234 1548 413 1588 cuilibet
434 1563 508 1602 per
532 1563 590 1600 se,
607 1553 659 1589 ut
678 1550 918 1603 praefertur,
936 1551 1109 1590 divisim
1125 1558 1169 1590 et
1185 1551 1230 1590 in
1249 1550 1448 1600 solidum,
1463 1554 1605 1603 potes-

67 1616 206 1653 tatem
228 1613 475 1667 generalem
497 1617 543 1653 et
574 1614 830 1654 mandatum
863 1615 1046 1667 speciale
1077 1629 1154 1668 pro
1185 1615 1278 1668 ipso
1310 1616 1602 1654 constituente

67 1682 110 1717 et
136 1678 310 1717 nomine
345 1691 433 1726 suo,
455 1691 593 1718 coram
624 1679 980 1719 reverendissimo
1011 1680 1057 1718 in
1090 1678 1259 1719 Christo
1287 1683 1413 1732 patre
1432 1679 1603 1718 domino

67 1741 395 1795 Archiepiscopo
430 1742 573 1792 Ebor.,
602 1742 791 1795 ipsiusve
834 1743 1125 1783 commissario
1169 1757 1245 1783 seu
1287 1744 1603 1794 commissariis,

66 1819 234 1845 necnon
257 1806 465 1860 magistro
488 1806 576 1846 sive
605 1806 782 1846 custode
805 1820 852 1846 ac
881 1807 1155 1846 canononicis
1177 1811 1268 1846 tam
1289 1808 1603 1847 residenciariis

65 1884 194 1923 quam
216 1884 300 1910 non
323 1869 638 1910 residenciariis
661 1871 788 1910 dictae
820 1871 1011 1911 ecclesiae
1034 1871 1284 1925 collegiatae,
1306 1871 1486 1924 aliisque
1508 1885 1604 1924 per—

65 1935 178 1974 sonis
215 1934 559 1987 quibuscumque
599 1935 645 1974 in
683 1934 833 1974 eadem
872 1935 1052 1974 ecclesia
1084 1936 1292 1975 interesse
1328 1934 1603 1985 habentibus,

64 1997 108 2036 in
131 1998 283 2038 eadem
306 1998 483 2038 ecclesia
505 1999 731 2053 collegiata
753 1999 821 2039 vel
842 1999 938 2039 aliis
970 1999 1074 2039 locis
1100 1998 1294 2039 honestis
1317 2003 1361 2039 et
1382 2001 1603 2052 oportunis

63 2063 373 2115 comparendis,
390 2063 585 2117 inibique
608 2077 706 2102 cum
727 2063 917 2117 praefatis
938 2063 1282 2118 Archiepiscopo,
1300 2065 1604 2114 commissario,

63 2139 139 2165 seu
161 2127 476 2178 commissariis,
499 2127 727 2178 canonicis,
749 2132 795 2167 et
826 2128 1017 2181 personis
1049 2126 1298 2182 hujusmodi
1329 2142 1376 2168 ac
1408 2128 1604 2182 quolibet

65 2191 299 2230 eorundem
341 2191 393 2231 de
437 2195 481 2231 et
523 2205 651 2245 super
692 2191 891 2232 omnibus
934 2196 979 2231 et
1023 2192 1204 2246 singulis
1244 2193 1602 2246 rcparacionibus,

63 2253 459 2306 reformacionibus,
481 2256 800 2309 commodisque
836 2260 876 2296 et
911 2256 1177 2297 utilitatibus
1199 2257 1377 2296 cancelli
1399 2257 1602 2297 aliarum—

63 2331 145 2370 que
168 2319 375 2359 domuum
393 2324 436 2360 et
453 2320 641 2360 locorum
664 2320 857 2374 ejusdem
882 2320 1070 2361 ecclesiae
1087 2321 1336 2375 collegiatae,
1355 2321 1421 2361 vel
1436 2322 1487 2361 ad
1506 2335 1599 2361 eam

63 2383 384 2433 quomodolibet
397 2385 716 2437 pertinencium
741 2398 815 2424 seu
838 2385 1057 2437 pertinere
1079 2385 1349 2436 debencium,
1366 2386 1599 2425 tractandis

63 2450 105 2485 et
129 2448 514 2498 communicandis,
537 2453 669 2501 atque
691 2448 1038 2502 quibuscumque
1061 2449 1320 2489 tractatibus
1344 2454 1387 2489 et
1408 2464 1599 2489 commu-

62 2510 352 2551 nicacionibus
386 2512 496 2552 inibi
530 2512 670 2563 factis,
699 2512 868 2563 fiendis,
905 2527 981 2553 seu
1014 2513 1237 2563 faciendis,
1263 2515 1568 2554 interessendis¹
1587 2530 1598 2564 ;

40 2586 228 2617 *necnon
251 2575 612 2627 ordinacionibus,
635 2577 826 2626 statutis,
848 2577 1139 2630 paccionibus,
1161 2578 1530 2628 translacionibus‚
1554 2583 1595 2618 et

61 2640 475 2689 apunctuacionibus
518 2640 861 2694 quibuscumque
903 2641 1012 2681 circa
1057 2642 1300 2692 comodum,
1342 2643 1595 2692 utilitatem,

61 2801 67 2807 ι
133 2752 188 2796 (l)
215 2753 302 2787 This
319 2754 447 2800 chapel
467 2766 540 2788 was
559 2755 675 2800 newly
694 2754 787 2789 built
806 2756 863 2789 ‘at
883 2756 1156 2802 extraordinary
1175 2757 1288 2791 costs'
1313 2757 1348 2790 in
1369 2758 1471 2800 1364,
1489 2758 1592 2792 when

60 2809 89 2836 1t
123 2815 195 2838 was
229 2806 402 2840 endowed
438 2807 493 2840 for
531 2807 632 2841 three
663 2807 857 2853 chaplains‚
889 2808 968 2842 four
1001 2821 1096 2843 more
1132 2809 1237 2854 being:
1266 2810 1435 2855 provided
1471 2810 1523 2844 sor
1557 2811 1591 2844 in

65 2855 163 2940 3336.
221 2857 253 2890 It
282 2870 355 2892 was
374 2871 456 2893 near
475 2859 534 2894 the
565 2860 669 2893 north
689 2860 785 2903 door,
799 2860 931 2895 behind
950 2861 1009 2895 the
1027 2862 1371 2905 cross—-Dugdale's
1392 2863 1442 2897 St.
1464 2863 1591 2898 Paul‘s.

88 2908 106 2941 Τ
134 2908 175 2950 (33
201 2921 233 2954 p.
254 2911 309 2943 39.

1750 135 1838 181 251

1645 266 1801 304 cxcinpli-

1644 305 1715 334 ilc-‘ll
1725 306 1774 334 loll
1783 306 1818 334 Os

1641 345 1724 374 date.

1640 524 1708 554 The
1726 534 1732 540 ·
1745 525 1779 554 L‘
1790 535 1834 563 ng

1640 565 1760 600 (jhapel
1777 566 1784 577 '
1800 567 1834 594 οῖ’

1642 604 1686 633 St..
1704 604 1822 640 I'aul's,

1642 642 1783 673 Londou.

1642 789 1746 827 Ralph

1640 828 1734 857 Shaw
1748 838 1800 866 :ip-

1639 869 1743 905 points

1641 907 1754 945 chry

1643 947 1755 975 &Vardo
1768 948 1830 976 and

1641 993 1702 1015 two
1714 988 1826 1023 others,

1641 1035 1674 1054 as
1691 1026 1739 1055 his

1641 1069 1789 1103 proctors,

1640 1694 1671 1720 to
1688 1699 1804 1729 appear

1639 1731 1740 1759 before

1639 1770 1837 1808 Archbishop

1639 1809 1819 1844 Romen-am,

1637 1858 1672 1877 or
1687 1849 1736 1877 his
1753 1858 1838 1877 conl-

1638 1889 1780 1926 missary,

1635 2282 1777 2302 concern-

1635 2313 1691 2349 ing
1707 2314 1824 2350 repairs

1634 2353 1667 2380 of
1688 2352 1740 2380 the

1634 2391 1780 2428 Chanccl,

1632 2434 1689 2459 cte.
