1915 3068
411 156 645 190 EXCERPTS
680 156 810 190 FROM
846 155 1151 199 CIIRONICLES,
1188 156 1282 189 E'rc.

74 270 292 311 territoria
305 283 381 323 pro
397 268 488 309 Deo
500 269 696 322 adeptuS,
714 269 898 309 terrenis
912 268 1064 322 opibus
1078 272 1379 322 paupertatem
1395 267 1608 318 auferens,

73 336 240 389 copiose
277 335 446 375 ditavit.
507 335 628 374 Tunc
660 335 877 374 sententia
907 334 987 374 Dei
1018 334 1071 374 de
1104 334 1302 374 Samuele
1335 338 1379 374 et
1409 333 1609 373 omnibus

74 400 233 439 sanctis
256 400 301 438 in
324 413 373 438 eo
401 398 675 451 implebatur,
701 397 807 449 Qui,
835 399 994 452 inquit,
1020 411 1089 438 ‘me
1117 396 1399 451 honorificat,
1429 394 1610 437 honoris-

63 461 209 515 ficabo
233 475 359 502 eum:
399 466 490 502 crat
516 462 632 501 enim
665 462 754 501 Deo
787 465 831 502 et
862 463 979 501 omni
1011 462 1168 515 populo
1200 476 1322 501 carus
1354 466 1399 501 et
1429 460 1610 500 honora-

73 526 201 566 bilis.¹
264 525 386 581 (Cap.
419 524 526 581 xvi.)
559 526 786 566 Crescebat
827 540 927 580 ergo
962 527 1008 565 in
1052 527 1242 566 szeculari
1285 529 1477 579 sumptu,
1519 525 1610 565 Deo

73 590 275 640 donante,
317 590 511 644 pontifici
543 594 702 641 nostro,
734 591 870 630 amico
908 590 1062 644 Sponsi
1095 591 1350 640 AEternalis‚
1382 590 1519 644 magis
1560 603 1608 629 ac

73 655 211 708 magis
231 654 560 694 ardentissimus
581 668 698 694 amor
727 668 890 708 sponsae
912 655 1091 708 virginis
1114 656 1191 694 uni
1214 656 1304 695 viro
1326 655 1608 708 desponsatae,

72 718 125 758 de
156 721 292 758 matre
333 718 527 757 omnium
569 719 779 758 bonorum
821 719 1013 758 caritatis
1055 720 1317 773 progenitae3
1349 732 1478 771 quam
1520 719 1610 758 dis-

71 783 241 837 cipliuae
272 783 462 824 moribus
494 784 615 837 quasi
648 784 823 824 floribus
854 784 1086 834 virtutum,
1117 788 1293 834 castam,
1316 787 1362 824 et
1392 784 1609 837 pudicam,

71 849 382 897 continentem,
426 851 470 887 et
511 848 764 897 modestam,
807 846 1196 888 circumamictam
1236 846 1463 898 varietate,
1507 847 1609 887 sub-

65 911 245 965 jectam,
268 910 446 964 pulchre
469 911 706 951 adornavit.
740 912 986 952 Secundum
1008 911 1277 965 prophetam,
1299 911 1449 952 omnis
1461 911 1610 965 (floria

61 973 178 1028 filice
199 973 315 1027 ‘regyc's
336 973 391 1015 ab
412 974 553 1015 intus.
589 976 711 1016 Sicut
733 977 849 1015 enim
870 976 1042 1029 Moyses
1064 976 1389 1016 tabernaculum
1412 976 1611 1017 saeculare

72 1039 384 1089 manufactum,
426 1039 479 1079 ad
521 1040 737 1093 exemplar
777 1041 823 1079 in
864 1044 1011 1080 monte
1043 1044 1332 1080 monstratum
1363 1055 1387 1080 a
1419 1041 1523 1091 Deo,
1556 1041 1610 1080 ad

72 1104 371 1143 concitandam
412 1103 651 1144 Israelitico
692 1104 849 1157 populo
889 1104 1070 1144 culturae
1102 1105 1183 1144 Dei
1214 1104 1358 1156 fidem,
1390 1105 1609 1145 distinctis

72 1168 198 1207 variis
248 1167 460 1207 coloribus
510 1167 753 1219 aedificavit,
794 1169 857 1207 ita
907 1182 1007 1208 vero
1047 1167 1320 1208 beatissimus
1360 1168 1610 1209 Wilfrithus

73 1233 296 1285 episcopus
347 1230 590 1271 thalamum
631 1233 723 1272 veri
765 1232 918 1285 Sponsi
960 1236 1004 1272 et
1046 1232 1235 1286 Sponsae,
1286 1234 1333 1273 in
1375 1237 1609 1286 conspectu

70 1295 341 1349 populorum,
375 1296 500 1335 corde
534 1295 821 1346 credentium,
864 1299 908 1336 et
944 1296 1028 1336 fide
1064 1296 1388 1347 confidentium,
1425 1310 1528 1337 auro
1564 1301 1610 1338 et

69 1363 263 1414 argento,
294 1373 569 1413 purpuraque
600 1360 717 1399 varia
746 1359 928 1400 mirifice
960 1361 1191 1400 decoravit.
1243 1361 1355 1400 Nam
1376 1362 1423 1400 in
1444 1361 1607 1415 Hrypis

70 1424 288 1464 basilicam
310 1423 443 1476 polito
464 1423 606 1477 lapide
628 1438 652 1464 a
668 1424 962 1464 fundamentis
978 1425 1024 1464 in
1037 1428 1153 1464 terra
1165 1438 1300 1478 usque
1317 1426 1371 1465 ad
1390 1439 1607 1465 summum

70 1487 338 1537 aedificatam,
367 1488 494 1527 variis
525 1487 765 1527 columnis²
787 1491 832 1528 et
863 1488 1100 1541 porticibus
1132 1488 1369 1541 suffultam,
1390 1490 1437 1529 in
1468 1490 1606 1530 altum

71 1552 206 1592 erexit
237 1555 283 1591 et
312 1553 641 1592 consummavit.
703 1551 802 1592 Jam
833 1556 984 1606 postea
1013 1552 1208 1606 perfecta
1238 1554 1383 1605 domu,
1414 1554 1467 1594 ad
1490 1555 1606 1595 diem

71 1616 298 1656 dicationis
329 1616 422 1669 ejus
453 1616 648 1656 invitatis
678 1616 853 1670 regibus
887 1615 1264 1658 Christianissimis
1296 1617 1521 1672 Ecgfritho
1563 1623 1608 1659 et

72 1680 271 1730 AElwino,
312 1680 478 1720 duobus
519 1680 738 1731 fratribus,
779 1694 878 1720 cum
919 1681 1162 1731 abbatibus,
1203 1681 1518 1736 praefectisque,
1561 1686 1607 1723 et

72 1744 339 1799 subregulis3
371 1746 591 1798 totiusque
622 1744 848 1798 dignitatis
879 1759 1070 1798 personae
1102 1746 1231 1785 simul
1261 1746 1308 1785 in
1339 1760 1476 1786 unum
1507 1761 1607 1787 con-

72 1812 306 1857 venerunt,
329 1812 643 1858 consecrantes,
666 1809 902 1848 secundum
931 1809 1297 1862 sapientissimum
1320 1810 1606 1862 Salomonem,

71 1872 249 1912 domum
280 1873 465 1913 Domino
495 1873 541 1912 in
572 1871 779 1912 honorem
813 1873 960 1913 Sancti
1001 1873 1122 1913 Petri
1155 1874 1456 1926 Apostolorum
1488 1876 1606 1928 prin-

69 1937 175 1990 cipis
197 1937 396 1988 dicatam,
418 1950 647 1990 precesque
669 1937 715 1976 in
747 1951 796 1976 ea
826 1938 1083 1991 populorum
1106 1937 1436 1992 suffragantem:
1469 1939 1605 1979 altare

71 2014 240 2054 quoque
291 2015 390 2040 cum
440 2000 668 2040 bassibus³
710 2001 797 2040 suis
848 2001 1032 2040 Domino
1082 2001 1346 2052 dedicantes,
1397 2015 1606 2056 purpura-

69 2079 153 2118 que
194 2079 296 2105 auro
328 2068 448 2105 texta
482 2066 714 2106 induentes
732 2079 743 2113 ;
787 2066 1020 2119 populique
1061 2067 1428 2107 communicantes
1461 2069 1606 2107 omnia

69 2130 271 2169 canonice
303 2129 638 2182 compleverunt.
701 2130 830 2171 Stans
852 2131 996 2183 itaque
1020 2130 1201 2170 Sanctus
1223 2130 1471 2171 Wilfrithus
1492 2133 1604 2185 epis-

70 2207 199 2246 copus
249 2197 351 2233 ante
401 2193 549 2244 altare,
590 2208 817 2235 conversus
868 2195 921 2234 ad
973 2195 1197 2248 populum,
1238 2209 1379 2234 coram
1429 2196 1602 2250 regibus

71 2271 326 2297 enumerans
366 2259 578 2311 regiones,
611 2273 714 2311 quas
752 2263 854 2299 ante
891 2272 1012 2311 reges
1043 2273 1119 2312 pso
1152 2259 1376 2299 animabus
1419 2261 1521 2309 suis,
1559 2265 1604 2300 et

72 2325 177 2361 tunc
199 2322 244 2360 in
267 2321 339 2361 illa
362 2321 447 2372 die,
470 2336 569 2361 cum
590 2336 801 2363 consensu
829 2326 873 2362 et
895 2322 1204 2375 subscriptione
1231 2324 1525 2376 episcoporum
1559 2327 1604 2364 et

73 2385 266 2424 omnium
287 2386 532 2439 principum
553 2387 628 2439 qui
650 2386 714 2425 illi
731 2387 956 2436 dederunt,
975 2386 1115 2425 lucide
1131 2387 1376 2426 enuntiavit
1393 2401 1404 2435 3
1436 2401 1603 2427 necnon

144 2492 200 2535 (1)
227 2491 312 2526 This
330 2491 478 2538 chapter
494 2491 524 2525 is
542 2492 624 2526 here
637 2492 743 2537 given
755 2503 792 2526 as
810 2490 1030 2537 illustrating
1044 2492 1106 2526 the
1117 2492 1302 2539 following
1313 2505 1390 2537 one,
1403 2494 1576 2528 describin
1582 2507 1606 2540 g

71 2543 267 2578 Wilfrith's
284 2544 404 2579 works
420 2549 458 2578 at
474 2544 604 2590 Ripon.

143 2598 198 2641 (2)
226 2597 400 2631 Freenian
419 2597 547 2631 thinks
566 2597 646 2631 that
665 2597 765 2632 these
783 2597 946 2632 columns
964 2596 1005 2631 of
1018 2596 1158 2631 various
1174 2597 1280 2632 kinds
1298 2610 1389 2633 were
1409 2600 1418 2618 ‘
1430 2598 1605 2646 probably

69 2648 139 2682 like
157 2649 258 2683 those
276 2649 313 2683 in
327 2649 388 2683 the
399 2648 565 2684 basilicas
575 2649 615 2684 of
622 2650 806 2692 Ravenna,
821 2650 882 2684 the
896 2650 987 2695 spoil
999 2649 1039 2683 of
1049 2649 1176 2683 earlier
1188 2649 1605 2695 buildingsJ—Nomnan

76 2701 253 2746 Conquest,
280 2714 314 2736 v.
345 2703 425 2736 610.
477 2702 573 2736 Such
599 2714 682 2747 may
710 2703 861 2748 perhaps
888 2703 978 2737 have
1005 2713 1102 2736 come
1128 2702 1220 2736 from
1248 2702 1309 2737 the
1339 2703 1606 2749 neighbouring

71 2753 228 2787 Isurium
250 2754 536 2799 (Aldborough).

143 2807 198 2849 (3)
226 2806 321 2841 That
346 2807 388 2851 is,
417 2807 478 2842 the
507 2807 686 2853 scot-pace
712 2807 785 2842 and
814 2811 920 2853 steps.
970 2807 1004 2841 It
1028 2807 1091 2841 has
1123 2806 1215 2842 been
1248 2808 1421 2854 proposed
1452 2813 1490 2842 to
1519 2809 1603 2844 read

73 2859 212 2901 vasibus,
231 2858 296 2893 but
321 2859 358 2893 in
385 2860 478 2893 Ezra
504 2859 551 2893 iii.
578 2861 610 2902 3,
629 2872 683 2893 we
702 2860 793 2894 have
819 2861 829 2879 ¹
843 2860 955 2894 altare
973 2859 1041 2894 Dei
1067 2871 1172 2906 super
1197 2859 1296 2895 bases
1313 2861 1413 2896 suas'
1433 2861 1578 2908 (Yulg.)
1597 2869 1605 2898 ;

71 2910 113 2944 E.
134 2911 178 2946 V.
197 2914 205 2930 ‘
220 2923 314 2957 upon
332 2912 390 2947 his
406 2912 506 2947 bases
520 2913 546 2957 '3
566 2913 639 2947 and
657 2924 712 2947 see
731 2912 996 2948 Concordance.

1645 404 1657 431 1
1677 402 1760 432 Sam.
1776 402 1809 432 ii.

1641 444 1689 471 30.

1643 534 1818 563 wilfrith’s

1643 575 1779 619 worldly.

1643 617 1829 652 prosperity.

1641 665 1659 693 2
1675 664 1745 694 Cor.
1755 665 1801 694 xi.
1815 666 1844 694 2.

1642 852 1693 882 Ps.
1709 853 1791 883 xliv.

1643 893 1841 929 (xlv.)15,14.

1643 1371 1692 1401 Hc
1706 1372 1813 1402 builds

1641 1421 1659 1440 a
1675 1412 1806 1441 basilica

1641 1455 1675 1480 at
1690 1451 1804 1490 Ripon.

1639 1556 1706 1586 The
1720 1557 1805 1586 dedi-

1641 1597 1744 1625 cation
1760 1597 1794 1625 of

1640 1637 1695 1665 the
1709 1636 1829 1666 church

1639 1885 1672 1912 to
1683 1882 1727 1913 St.
1737 1882 1840 1913 Peter.

1640 2005 1827 2034 Dedication

1639 2045 1673 2073 of
1681 2045 1735 2073 the
1748 2045 1841 2081 altar,

1638 2085 1717 2112 with
1733 2087 1741 2100 ‘
1754 2085 1804 2114 his

1639 2124 1749 2153 bases?

1639 2178 1759 2208 British

1638 2219 1758 2247 church
1774 2228 1827 2248 en-

1638 2259 1812 2287 dou-ments

1638 2297 1780 2326 Clainicd
1796 2298 1839 2336 by

1637 2337 1793 2366 wilfrith.
