1935 3151
605 144 830 179 ORIGINAL
866 143 1152 178 DOCUMENTS.

113 261 358 302 habendum
380 264 524 302 totum
545 262 799 315 praedictum
822 262 1113 315 messuagium
1135 274 1233 300 cum
1256 261 1342 301 suis
1364 261 1642 314 pertinenciis

111 326 252 366 eidem
285 325 479 376 Ricardo,
515 324 755 366 haeredibus
793 329 838 366 et
877 325 1107 379 assignatis
1149 325 1252 375 suis,
1294 325 1439 375 libere,
1480 326 1642 377 quiete,

109 389 295 444 integre,
327 389 451 440 bene,
483 390 528 428 in
560 403 677 442 pace,
709 393 754 429 et
796 390 1134 442 imperpetuum,
1175 389 1229 429 de
1263 388 1437 442 capitali
1468 388 1642 428 domino

109 452 224 493 feodi
245 453 377 503 illius,
400 466 476 506 per
498 454 674 493 servicia
692 453 794 493 inde
827 453 975 493 debita
1005 455 1051 492 et
1082 453 1134 493 de
1160 452 1259 506 jure
1281 455 1514 492 consueta:
1546 451 1642 491 red-

110 517 249 556 dendo
290 517 391 556 inde
424 517 650 556 annuatim
687 515 835 567 michi,
868 515 1107 556 haeredibus
1150 516 1216 556 vel
1248 516 1476 570 assignatis
1517 515 1640 565 meis,

111 580 217 620 duos
250 580 404 620 solidos
426 581 594 634 argenti
625 581 678 620 ad
709 579 817 620 festa
849 580 1127 620 Pentecostes
1158 584 1203 620 et
1226 579 1373 620 Sancti
1395 579 1574 619 Martini
1595 579 1640 618 in

108 657 232 697 yeme
254 657 329 697 per
359 644 542 697 aequales
575 645 808 697 porciones.
870 644 927 683 Et
961 645 995 684 si
1026 644 1250 698 contingat
1270 643 1524 697 praedictum
1545 643 1642 683 red-

108 707 251 747 ditum
283 708 466 748 duorum
498 708 730 748 solidorum
761 722 786 747 a
816 711 930 748 retro
962 721 1052 747 esse
1085 708 1130 747 in
1161 711 1282 760 parte
1305 707 1373 747 vel
1395 708 1441 746 in
1474 710 1568 748 toto
1588 706 1641 746 ad

109 771 298 824 aliquem
348 772 586 811 terminum
627 785 702 824 per
743 772 1067 825 quatuordecim
1109 772 1215 822 dies,
1260 772 1294 811 si
1345 771 1397 811 de
1438 770 1642 823 praedicto

107 835 290 875 Ricardo
310 835 380 875 vel
400 834 641 876 haeredibus
664 836 751 875 suis
773 839 959 888 petatur,
981 835 1109 875 liceat
1132 834 1279 886 michi,
1308 833 1551 875 haeredibus
1573 833 1642 873 vel

105 899 335 952 assignatis
367 900 476 939 meis
510 900 555 938 in
588 899 793 952 praedicto
826 900 1068 953 messuagio
1103 913 1202 939 cum
1237 899 1517 952 pertinenciis
1553 897 1642 937 dis-

105 963 313 1017 tringere,
337 965 382 1002 et
403 963 698 1003 districciones
719 963 906 1003 retinere
928 976 1149 1016 quousque
1171 963 1223 1003 de
1244 962 1447 1016 praedicto
1468 962 1641 1001 redditu

105 1026 289 1066 duorum
318 1027 550 1066 solidorum
572 1030 616 1067 et
647 1027 873 1081 arreragiis
905 1027 941 1066 si
972 1040 1066 1080 quae
1096 1026 1258 1066 fuerint
1288 1026 1478 1079 plenarie
1509 1025 1641 1065 fuerit

106 1090 386 1141 satisfactum,
404 1094 446 1130 et
469 1089 774 1130 nichilominus
795 1091 841 1129 in
858 1091 1111 1143 praedictum
1128 1091 1423 1144 messuagium
1438 1103 1544 1129 cunr
1553 1090 1640 1129 suis

104 1155 384 1206 pertinenciis
406 1155 581 1205 intrare,
605 1157 650 1194 et
680 1153 811 1194 michi
834 1158 879 1194 et
912 1153 1154 1194 haeredibus
1187 1154 1296 1193 meis
1317 1154 1639 1206 imperpetuum

104 1218 304 1258 retinere.
365 1219 423 1258 Et
464 1232 544 1272 ego
586 1231 685 1258 vero
726 1218 953 1271 praedictus
995 1218 1185 1271 Rogerus
1228 1220 1273 1257 et
1322 1215 1511 1257 haeredes
1552 1217 1640 1256 mei

104 1284 247 1321 totum
284 1282 538 1335 praedictum
575 1283 869 1336 messuagium
906 1295 1005 1322 cum
1031 1283 1118 1321 suis
1154 1281 1435 1334 pertinenciis
1462 1279 1639 1333 praefato

105 1344 301 1396 Ricardo‚
323 1344 566 1386 haeredibus
593 1349 636 1386 et
667 1346 895 1399 assignatis
919 1346 1006 1385 suis
1037 1346 1083 1384 in
1106 1359 1245 1386 scema
1269 1344 1472 1398 praedicta
1493 1347 1640 1384 contra

104 1422 253 1448 omnes
294 1412 449 1463 gentes
490 1409 861 1449 warantizabimus
901 1409 1236 1462 imperpetuum.
1318 1408 1371 1447 In
1412 1407 1535 1460 cujus
1577 1408 1639 1446 rei

103 1473 406 1512 testimonium
434 1476 525 1512 tam
559 1473 752 1527 sigillum
784 1486 932 1512 meum
964 1486 1092 1525 quam
1121 1472 1312 1526 sigillum
1335 1471 1441 1511 dicti
1467 1470 1638 1510 Ricardi

102 1536 297 1589 partibus
318 1537 446 1576 istius
468 1540 595 1576 cartae
616 1537 853 1576 indentatae
879 1536 1128 1576 alternatim
1151 1539 1253 1575 sunt
1273 1535 1479 1588 apposita.
1540 1534 1639 1573 Hiis

101 1600 303 1651 testibus,
325 1600 352 1640 J
356 1599 524 1640 ohanne
553 1600 605 1640 de
630 1599 831 1650 Clother',
853 1600 879 1640 J
883 1598 1049 1639 ohanne
1070 1600 1123 1639 de
1148 1598 1353 1649 Shirwod,
1376 1598 1564 1637 Roberto
1585 1598 1639 1637 de

103 1662 360 1713 Brunhous'‚
383 1664 563 1703 Ricardo
585 1663 638 1703 de
656 1662 864 1713 Richem’,
881 1662 1046 1702 Thoma
1066 1663 1118 1702 de
1136 1663 1288 1712 Ledes,
1304 1666 1347 1701 et
1361 1661 1511 1701 multis
1528 1661 1637 1700 aliis.

103 1727 201 1766 Dat.
233 1727 347 1780 apud
378 1726 561 1780 Rypon',
591 1727 660 1766 die
692 1727 826 1766 Lunae
856 1727 902 1765 in
933 1726 1043 1766 festo
1074 1727 1307 1766 Beatorum
1338 1725 1637 1778 Apostolorum

104 1790 290 1830 Simonis
312 1794 357 1830 et
377 1790 404 1830 J
408 1791 517 1841 udae,
539 1791 663 1830 Anno
686 1790 861 1829 Domini
883 1790 1118 1830 Millesimo
1139 1792 1258 1829 cccm⁰
1280 1789 1638 1844 quinquagesimo

103 1867 230 1894 nono.

190 1916 322 1958 Label
342 1915 619 1970 remainingy,
643 1916 720 1958 but
741 1916 831 1958 secel
851 1931 974 1970 yone.

192 1980 596 2022 Endoo·sed.—Ric.
618 1982 670 2021 de
692 1981 930 2022 Wakefeld.
994 1982 1050 2022 H.
1074 1983 1143 2022 46.

243 2137 434 2173 CLXXII.
469 2137 646 2173 GRANT
678 2137 742 2172 OF
775 2137 984 2182 IIOUSES,
1018 2137 1136 2181 ETO„
1171 2137 1224 2172 IN
1259 2137 1494 2173 SIIAROW.

632 2214 774 2259 (Rffox
800 2214 981 2249 CHAPTER
1006 2213 1104 2256 MS.)

192 2295 333 2336 Sciant
352 2299 586 2349 praesentes
608 2299 652 2336 et
674 2295 811 2335 futuri
833 2296 946 2348 quod
964 2309 1042 2348 ego
1059 2295 1271 2335 Robertus
1287 2294 1399 2334 filius
1422 2294 1449 2335 J
1452 2294 1632 2335 ohannis

102 2359 155 2399 de
179 2358 384 2409 Sharrow,
405 2360 520 2409 dedi,
540 2360 742 2409 concessi,
765 2362 809 2399 et
830 2357 908 2398 hac
929 2360 1128 2412 praesenti
1145 2363 1261 2398 carta
1277 2372 1372 2398 mea
1388 2359 1631 2398 confirmavi

103 2421 294 2463 ,Iohanni
314 2423 404 2463 filio
425 2423 595 2463 Ricardi
627 2423 679 2462 de
712 2420 958 2474 Pokthorpe
990 2422 1042 2461 de
1076 2422 1258 2472 Gifford,
1281 2425 1326 2461 et
1357 2422 1506 2462 Alicize
1533 2422 1631 2462 filiae

102 2498 224 2535 meze,
260 2486 404 2526 omnia
434 2489 686 2526 tenementa
716 2499 827 2536 mea,
860 2489 1010 2535 terras,
1048 2490 1088 2525 et
1124 2490 1261 2539 prata,
1294 2486 1340 2525 in
1374 2486 1475 2525 villa
1505 2490 1549 2526 et
1585 2486 1630 2525 in

102 2549 317 2589 territorio
345 2549 398 2589 de
433 2548 651 2598 Sharrow3
683 2548 872 2589 tenenda
893 2552 938 2588 et
966 2547 1163 2589 habenda
1191 2549 1334 2589 omnia
1359 2552 1630 2599 tenementa,

102 2615 252 2662 terras,
274 2615 318 2651 et
338 2616 475 2664 prata,
498 2626 597 2652 cum
629 2613 716 2651 suis
736 2612 1028 2665 pertinenciis,
1053 2616 1097 2652 et
1128 2613 1327 2652 omnibus
1355 2612 1630 2652 libertatibus

102 2678 146 2715 et
187 2675 434 2714 asiamentis
465 2675 593 2715 dictis
624 2675 888 2715 tenementis
920 2675 1288 2728 qualitercumque
1322 2675 1630 2727 spectantibus,

101 2738 316 2791 praedictis
347 2737 536 2779 Johanni
569 2742 613 2778 et
643 2738 790 2778 Aliciae
822 2742 867 2778 et
897 2737 1137 2778 haeredibus
1169 2738 1402 2778 eorundem
1433 2738 1628 2792 legitime

101 2802 344 2854 procreatis,
366 2801 418 2841 de
441 2801 694 2854 capitalibus
716 2802 902 2841 dominis
924 2802 1038 2841 feodi
1069 2802 1201 2851 illius,
1223 2815 1299 2854 per
1331 2802 1506 2841 servicia
1527 2802 1628 2842 inde

103 2864 246 2905 debita
267 2868 311 2905 et
333 2865 385 2905 de
401 2865 499 2918 jure
522 2869 739 2915 consueta,
762 2865 907 2916 libere,
930 2866 1089 2918 quiete,
1111 2865 1234 2916 bene,
1256 2868 1297 2905 et
1321 2865 1366 2905 in
1394 2879 1509 2918 pace.
1572 2866 1626 2905 Et

1675 525 1757 555 Rent
1773 528 1805 555 of
1817 528 1859 556 2⁸.

1675 575 1728 603 per
1742 575 1871 594 annum.

1676 647 1785 676 Power
1800 651 1833 676 to

1675 687 1820 715 distraiu.

1674 1540 1857 1571 Witnesses.

1671 1731 1740 1761 Oct.
1757 1732 1804 1761 28.

1668 2316 1734 2338 Ap.
1752 2309 1847 2338 1379-

1667 2349 1714 2377 80.

1668 2402 1744 2431 Rob.
1760 2405 1797 2432 (le

1667 2441 1813 2470 Sharrow

1667 2483 1698 2508 to
1713 2481 1731 2510 J
1735 2481 1784 2509 oh.
1800 2481 1838 2509 de

1667 2519 1840 2557 Pokthorp.
