1935 3151
564 165 792 200 ORIGINAL
827 165 1116 199 DOCL'MENTS.

72 278 291 318 willelmo
304 277 392 318 filio
413 278 601 318 Godardi
618 278 747 318 Fabri
770 281 814 318 et
834 277 1074 318 haeredibus
1097 278 1183 317 suis
1206 291 1280 330 pro
1301 276 1499 331 homagio
1517 274 1605 330 (et)

74 343 249 382 servicio
278 355 368 391 suo,
402 355 533 381 unam
567 356 706 382 acram
740 346 864 382 terrae
899 346 941 382 et
971 342 1194 381 dimidiam
1222 342 1269 380 in
1304 341 1518 381 territorio
1551 340 1604 379 de

73 405 241 459 Ripon’,
265 406 441 455 scilicet,
464 420 595 446 unam
616 420 756 446 acram
780 407 825 445 in
847 406 1023 446 australi
1045 410 1166 459 parte
1189 405 1242 445 de
1264 405 1473 458 Depegile
1490 405 1605 443 intra

70 473 230 509 terram
254 469 414 509 Uctred
437 470 564 510 Stute
588 474 632 509 et
654 470 863 524 Depegile
896 500 1083 510 .....
1116 470 1162 509 111
1185 468 1385 509 orientali
1406 471 1528 521 parte
1549 468 1602 507 de

73 533 314 583 Graueleia,
342 534 456 573 inter
487 536 647 573 terram
670 533 882 573 Gileberti
913 534 1126 573 Tinctoris
1159 537 1202 573 et
1233 537 1393 573 terram
1423 533 1604 572 Sauarii.

71 597 129 636 Et
162 600 368 650 praeterea
409 597 508 637 dedi
542 601 624 637 etc.
656 597 877 637 willelmo
907 602 951 637 et
977 596 1219 637 haeredibus
1253 598 1354 647 suis,
1388 596 1603 650 quandam

72 663 238 712 partem
270 659 414 713 tophti
447 661 534 700 mei
559 661 605 700 in
640 660 876 714 Presteley,
905 661 1192 701 collateralem
1224 659 1377 714 tophto
1408 659 1603 714 ejusdem

71 723 293 773 willelmi,
315 724 368 763 ad
389 725 636 778 augendum
669 724 762 778 ejus
784 723 988 777 tophtum
1011 725 1064 764 de
1085 725 1332 778 quindecim
1354 723 1536 777 pedibus
1557 724 1603 762 in

72 788 305 828 latitudine
339 791 383 828 et
417 789 469 828 de
501 789 684 843 triginta
715 792 759 828 et
796 790 986 842 quinque
1021 790 1203 842 pedibus
1236 790 1280 829 in
1315 788 1604 842 longitudine,

71 852 212 892 eidem
249 852 468 892 willelmo
505 856 546 892 et
582 851 823 892 haeredibus
861 854 962 903 suis,
998 853 1239 893 tenendum
1277 854 1329 893 de
1363 867 1432 893 me
1470 856 1515 892 et
1548 851 1602 891 de

72 915 313 956 haeredibus
354 917 462 956 meis
503 917 550 955 in
591 915 716 956 feodo
758 919 802 956 et
843 915 1111 967 haereditate,
1153 917 1303 967 libere,
1349 917 1512 969 quiete,
1557 919 1603 955 et

71 979 314 1029 honorifice,
340 980 558 1020 reddendo
588 980 688 1019 inde
720 978 852 1019 michi
885 984 929 1019 et
959 979 1203 1020 haeredibus
1236 981 1344 1020 meis
1375 980 1602 1019 annuatim

71 1044 177 1084 duos
217 1044 412 1083 denarios
452 1057 528 1097 pro
569 1043 767 1084 omnibus
810 1044 998 1084 serviciis
1041 1047 1085 1083 et
1127 1043 1516 1084 consuetudinibus
1559 1047 1603 1082 et

70 1108 381 1157 exaccionibus,
403 1108 578 1158 scilicet,
600 1121 738 1147 unum
760 1108 984 1147 denarium
1016 1109 1068 1148 ad
1092 1108 1377 1147 Pentecosten
1401 1112 1443 1147 et
1464 1121 1602 1147 unum

72 1172 298 1211 denarium
330 1172 382 1211 ad
405 1171 567 1211 festum
605 1172 751 1212 Sancti
782 1172 978 1211 Martini.
1040 1172 1138 1211 Hiis
1171 1172 1371 1222 testibus,
1405 1171 1602 1224 Capitulo

73 1236 219 1276 Sancti
240 1235 430 1276 wilfridi
461 1236 512 1275 de
541 1235 706 1288 Ripon',
739 1234 974 1288 Stephano,
1007 1236 1210 1289 Hugone,
1234 1235 1472 1286 Gileberto,
1494 1236 1603 1274 Wil-

71 1300 215 1350 lelmo,
248 1300 430 1354 Rogero,
462 1299 663 1350 Roberto,
695 1299 939 1352 capellanis,
964 1298 1167 1348 Mathaeo‚
1196 1299 1362 1349 clerico,
1384 1299 1603 1339 willelmo

71 1363 217 1414 VVard,
251 1364 442 1404 VValtero
479 1363 675 1413 Aleman,
709 1363 876 1417 Rogero
912 1363 965 1403 de
1008 1363 1262 1413 Nunnewic,
1305 1362 1517 1418 Sanis’(?)
1548 1363 1601 1403 de

71 1428 281 1482 wigetot,
313 1428 502 1468 Roberto
523 1428 575 1467 de
597 1426 858 1477 Munketon,
879 1427 1067 1467 Roberto
1088 1427 1176 1467 filio
1197 1427 1443 1478 Alexandri,
1465 1427 1602 1466 Alano

70 1492 223 1541 Fabro,
244 1495 289 1531 et
309 1491 526 1547 p(luribus
542 1490 595 1545 P).

158 1554 289 1596 Label
310 1554 405 1595 and
425 1554 514 1596 scal
536 1554 630 1596 lost.

159 1618 405 1671 Enclorsed,
442 1620 499 1659 H.
537 1618 608 1671 57,
641 1618 737 1660 and
772 1633 800 1660 a
842 1617 1090 1661 caricature
1115 1619 1166 1674 of
1198 1619 1264 1661 the
1300 1618 1461 1675 profile
1494 1618 1546 1673 of
1574 1632 1604 1659 a

72 1684 217 1725 man’s
231 1683 347 1738 face.

419 1794 493 1829 CL.
528 1794 701 1829 GRANT
735 1793 797 1829 OF
832 1793 973 1829 LAND
1010 1795 1063 1829 IN
1097 1793 1262 1829 RIPON.

610 1867 754 1910 (Rn‘ox
769 1866 949 1901 CHAP'OER
966 1867 1064 1912 MS.)

160 1940 307 1980 Sciant
337 1943 568 1993 praesentes
600 1943 644 1979 et
666 1939 819 1990 futuri,
850 1940 963 1993 quod
985 1953 1065 1994 ego
1086 1939 1317 1979 Nicholaus
1349 1938 1401 1979 de
1435 1937 1601 1992 Byham

71 2004 186 2055 dedi,
200 2004 402 2053 concessi,
417 2007 462 2042 et
474 2002 552 2042 hac
565 2004 768 2056 praesenti
781 2007 897 2043 carta
910 2003 1170 2054 confirmavi,
1185 2004 1319 2043 Alano
1333 2003 1384 2043 de
1400 2003 1601 2056 Eskelby,

71 2070 209 2107 totam
241 2072 400 2107 terram
432 2081 574 2106 meam
606 2081 705 2107 cum
738 2068 936 2107 domibus
967 2068 1167 2108 omnibus
1199 2072 1244 2108 et
1278 2067 1475 2107 omnibus
1504 2081 1601 2120 per-

70 2131 271 2171 tinenciis
303 2132 405 2181 suis,
436 2144 531 2184 quae
557 2130 674 2184 jacet
705 2132 821 2171 inter
851 2135 1012 2171 terram
1032 2132 1240 2172 willelmi
1268 2131 1535 2184 Campanarii
1557 2136 1601 2170 et

69 2198 230 2234 terram
252 2195 450 2248 Symonis
472 2195 692 2234 Hereman
714 2195 760 2234 in
782 2195 885 2235 villa
905 2196 957 2235 de
988 2196 1167 2249 Rypon',
1196 2196 1260 2235 illi
1282 2199 1323 2235 et
1358 2194 1600 2234 haeredibus

73 2259 161 2298 suis
183 2262 228 2298 et
248 2260 503 2312 cuicumque
531 2259 750 2313 assignare
772 2259 972 2309 voluerit,
994 2260 1047 2299 de
1071 2273 1139 2299 me
1163 2263 1208 2299 et
1228 2258 1471 2298 haeredibus
1493 2259 1601 2297 meis

71 2322 117 2361 in
157 2326 430 2376 perpetuum,
470 2322 709 2362 tenendum
750 2326 795 2362 et
836 2321 1083 2362 habendum
1124 2323 1176 2363 de
1219 2322 1409 2376 capitulo
1453 2322 1600 2362 Sancti

71 2385 259 2426 Wilfridi
281 2386 459 2439 Rypon’,
482 2387 593 2425 sicut
613 2389 730 2425 carta
750 2400 879 2439 quam
901 2386 1141 2426 Hosbertus
1163 2390 1284 2439 pater
1307 2400 1428 2426 meus
1450 2384 1603 2425 habuit

72 2450 124 2490 de
148 2451 297 2490 eodem
314 2450 501 2503 capitulo
517 2453 719 2500 testatur,
737 2450 885 2501 libere,
902 2451 1066 2504 quiete,
1083 2450 1271 2503 pacifice,
1286 2464 1385 2490 cum
1401 2449 1600 2490 omnibus

72 2514 350 2566 pertinenciis
372 2513 482 2553 infra
503 2513 647 2552 villam
670 2518 713 2553 et
737 2518 870 2563 extra,
892 2515 937 2553 in
959 2514 1084 2554 bosco
1107 2519 1148 2554 et
1173 2515 1314 2568 plano,
1337 2514 1382 2553 in
1403 2513 1535 2566 pratis
1557 2516 1601 2552 et

72 2577 118 2616 in
144 2578 309 2631 pascuis
337 2580 383 2617 et
403 2577 602 2630 pasturiS,
625 2577 704 2616 viis
730 2580 776 2616 et
805 2578 985 2628 semitis,
1007 2582 1052 2617 et
1083 2579 1129 2617 in
1151 2578 1351 2618 omnibus
1381 2577 1476 2616 aliis
1498 2577 1601 2616 locis

72 2641 284 2693 praedictae
325 2645 449 2680 terrae
482 2641 817 2693 pertinentibus,
858 2641 1077 2681 reddendo
1118 2642 1218 2681 inde
1261 2641 1487 2680 annuatim
1530 2653 1602 2679 sex

72 2704 267 2745 denarios
288 2705 477 2758 capitulo
499 2705 624 2743 Beati
644 2704 833 2744 Wflfridi
854 2706 906 2745 de
922 2705 1101 2759 Rypon’,
1119 2706 1282 2745 scilicet
1297 2709 1387 2744 tres
1403 2704 1600 2744 denarios

2 2813 15 2817 a
71 2767 125 2807 ad
147 2768 431 2808 Pentecosten
460 2772 505 2808 et
533 2772 621 2807 tres
650 2768 844 2808 denarios
869 2769 922 2809 ad
943 2769 1106 2809 festum
1133 2769 1278 2809 Sancti
1308 2767 1502 2816 Martini,
1524 2780 1600 2819 pro

72 2832 190 2870 omni
226 2832 402 2871 servicio
430 2836 472 2871 et
501 2831 711 2871 demanda
748 2835 793 2871 et
826 2846 901 2885 pro
938 2836 1051 2872 secta
1089 2833 1231 2880 curiae,
1258 2836 1301 2871 et
1339 2830 1525 2879 auxiliis,
1554 2835 1596 2869 et

72 2895 269 2935 omnibus
291 2896 343 2935 ad
365 2899 522 2935 terram
545 2895 877 2947 pertinentibus.
939 2897 993 2937 Et
1018 2910 1096 2950 ego
1118 2894 1350 2935 Nicholaus
1365 2894 1416 2934 dc
1434 2892 1598 2947 Byham

1742 150 1835 198 265

1638 280 1726 310 Will.
1744 281 1787 310 fil.

1638 320 1790 351 Godurdi.

1638 1182 1824 1212 witnesses.

1637 1951 1706 1982 Nic.
1723 1951 1762 1982 de

1636 1992 1761 2030 Byham

1636 2034 1669 2059 to
1685 2032 1769 2059 Alan
1785 2030 1823 2060 de

1636 2070 1786 2108 Eskelby.

1636 2654 1719 2684 cht
1734 2655 1768 2683 of
1784 2656 1834 2685 δά.

1635 2697 1668 2723 to
1679 2694 1827 2731 Chapter.
