1935 3151
720 186 958 219 APPENDIX

79 295 342 350 aquilonem,
357 295 484 351 juxta
505 296 669 338 fontem
692 298 766 352 qui
797 298 957 338 dicitur
979 296 1279 348 Corkeskelde,
1302 299 1347 336 et
1378 300 1470 336 toto
1492 299 1612 349 prato

79 361 194 414 quod
227 364 439 402 traversat
472 362 660 402 eundem
693 362 855 402 toftum
889 376 1037 403 versus
1071 362 1334 416 aquilonem,
1377 364 1419 400 et
1456 360 1613 414 viginti

80 428 126 465 et
147 428 331 478 quatuor
352 426 459 465 acris
495 430 618 466 terrae
641 426 752 466 infra
785 440 957 480 campos
980 426 1174 480 ejusdem
1213 425 1340 475 villae,
1360 438 1460 464 cum
1497 437 1613 463 com-

80 489 203 528 muni
224 492 401 542 pastura
433 490 487 530 ad
508 493 683 530 tantum
715 494 840 530 terrae
876 491 1123 543 pertinente
1160 491 1206 529 in
1243 489 1394 529 eadem
1430 488 1545 538 villa,
1567 487 1613 526 in

79 565 234 606 puram
267 557 312 593 et
344 557 601 607 perpetuam
638 554 930 604 elemosinam,
951 555 1098 594 liberis
1133 558 1177 594 et
1210 554 1370 607 quietis
1407 553 1461 592 ab
1495 551 1614 591 omni

80 615 270 657 humano
292 618 482 668 servicio,
504 622 550 658 et
570 618 623 658 ab
645 619 845 658 omnibus
869 618 1141 658 saecularibus
1163 617 1475 658 exaccionibus.

169 680 551 722 Confirmacionem
589 683 725 722 eciam
760 686 805 722 et
835 683 1085 722 warantiam
1117 696 1222 736 quas
1256 681 1466 721 Ricardus
1498 680 1614 720 filius

80 744 239 799 Rogeri
260 745 313 785 de
337 745 539 800 Stodlaya
559 760 635 799 per
668 749 829 786 cartam
861 760 982 786 suam
1003 746 1107 786 fecit
1139 746 1281 786 eidem
1312 744 1534 799 hospitali,
1557 744 1612 784 de

79 810 295 863 praedictis
316 810 441 861 tofto,
461 813 599 864 prato,
619 814 749 862 terra,
771 814 815 851 et
836 814 1024 864 pastura,
1041 811 1087 850 in
1108 824 1261 864 puram
1283 813 1328 850 et
1359 812 1613 863 perpetuam

80 873 373 914 elemosinam.

169 936 551 978 Confirmacionem
572 939 752 992 insuper
773 941 817 978 et
838 938 1085 978 warantiam
1107 951 1212 991 quas
1232 937 1476 976 VVillelmus
1497 936 1613 976 filius

81 1001 252 1042 Ricardi
273 1002 326 1042 de
361 1002 538 1057 Stodlay
558 1017 635 1056 per
665 1007 829 1043 cartam
861 1017 983 1043 suam
1018 1002 1123 1042 fecit
1144 1003 1287 1042 eidem
1321 1000 1538 1054 hospitali,
1561 1001 1614 1041 de

80 1066 242 1106 eisdem
273 1066 397 1118 tofto,
417 1071 555 1121 prato,
586 1072 714 1118 terra,
737 1071 781 1107 et
813 1070 1001 1121 pastura,
1022 1067 1069 1106 in
1102 1080 1254 1121 puram
1284 1069 1327 1106 et
1361 1068 1614 1119 perpetuam

81 1129 373 1171 elemosinam.

168 1193 484 1235 Remissionem
507 1196 641 1235 eciam
664 1200 709 1236 et.
741 1195 934 1249 quietam
957 1194 1236 1235 clamanciam
1269 1207 1372 1247 quas
1405 1193 1613 1232 Ricardus

81 1256 195 1297 filius
232 1258 389 1312 Rogeri
420 1273 497 1312 per
530 1260 660 1299 finem
696 1260 742 1299 in
779 1259 896 1298 curia
936 1259 1102 1298 domini
1138 1257 1363 1308 Johannis,
1397 1257 1612 1310 quondam

80 1321 213 1376 Regis
235 1323 416 1377 Angliae,
430 1325 718 1378 progenitoris
733 1323 884 1374 nostri,
901 1323 1093 1363 levatum
1108 1322 1211 1363 fecit
1233 1323 1373 1362 eidem
1395 1320 1612 1374 hospitali,

79 1386 134 1426 de
155 1386 311 1440 viginti
336 1389 380 1426 et
401 1392 583 1440 quatuor
605 1389 712 1428 acris
743 1393 867 1427 terrae
900 1401 998 1427 cum
1030 1387 1311 1440 pertinenciis
1345 1386 1390 1425 in
1425 1385 1613 1435 Stodlee,

79 1450 194 1490 unde
231 1451 362 1490 assisa
396 1453 547 1492 mortis
587 1452 868 1492 antecessoris
906 1452 1169 1491 summonita
1203 1450 1289 1490 fuit
1322 1451 1437 1489 inter
1469 1450 1613 1502 ipsum

80 1513 315 1554 Ricardum
338 1518 383 1555 et
404 1515 559 1556 fratres
581 1516 688 1556 dicti
710 1514 937 1569 hospitalis
959 1515 1004 1554 in
1027 1515 1178 1555 eadem
1200 1515 1332 1554 curia.

169 1578 549 1620 Confirmacionem
590 1581 766 1634 insuper
807 1593 936 1633 quam
977 1580 1018 1620 N
1021 1580 1178 1634 igellus
1219 1579 1272 1619 de
1314 1578 1500 1631 Mubray
1535 1591 1612 1631 per

78 1646 239 1682 cartam
263 1657 383 1683 suam
404 1643 509 1684 fecit
530 1645 671 1684 eidem
693 1643 910 1697 hospitali,
933 1644 986 1683 de
1008 1647 1124 1683 terra
1145 1643 1220 1682 illa
1242 1643 1294 1683 de
1316 1641 1446 1682 feudo
1469 1655 1543 1681 suo
1564 1642 1611 1681 in

80 1706 256 1760 Stodlay
270 1720 397 1760 quam
415 1708 607 1761 Rogerus
624 1707 738 1747 filius
756 1708 914 1761 Rogeri
931 1707 1127 1747 vendidit
1144 1707 1357 1746 canonicis
1375 1706 1427 1745 de
1446 1705 1612 1758 Rypon’

79 1771 133 1811 ad
154 1784 259 1824 opus
281 1772 580 1824 praenominati
612 1770 850 1825 hospitalis,
871 1771 1005 1811 libera
1039 1774 1084 1810 et
1114 1771 1261 1824 quieta
1289 1771 1610 1823 imperpetuum

78 1835 132 1875 ab
152 1835 269 1875 omni
303 1836 526 1875 exaccione
563 1839 607 1875 et
637 1835 948 1875 consuetudine
982 1839 1025 1874 et
1057 1835 1109 1874 ab
1146 1835 1263 1874 omni
1300 1834 1490 1883 servicio,
1511 1847 1610 1872 cum

79 1899 279 1939 omnibus
300 1899 446 1939 liberis
468 1899 854 1940 consuetudinibus
888 1902 931 1938 et
952 1899 1227 1939 libertatibus
1259 1911 1353 1951 quae
1374 1898 1428 1937 ad
1450 1901 1609 1937 terram

78 1963 300 2017 pertinent
320 1964 365 2003 in
387 1964 587 2004 omnibus
608 1964 725 2003 locis.

167 2026 493 2068 Concessionem
510 2029 659 2078 eciam,
675 2027 970 2078 donacionem,
987 2026 1373 2076 confirmacionem,
1392 2029 1436 2065 et
1452 2038 1611 2064 waran-

78 2091 200 2142 tiam,
221 2105 326 2144 quas
348 2086 485 2131 Adam
508 2092 561 2132 de
582 2092 662 2131 We
684 2105 759 2145 per
780 2095 942 2130 cartam
966 2105 1085 2130 suam
1103 2090 1206 2130 fecit
1227 2090 1369 2129 eidem
1390 2088 1609 2141 hospitali,

78 2154 132 2194 de
154 2168 240 2194 uno
273 2154 383 2195 tofto
417 2160 461 2195 et
497 2156 662 2196 duabus
695 2155 801 2194 acris
837 2159 962 2194 terrae
999 2155 1042 2194 in
1079 2154 1281 2207 Stodleya
1316 2154 1487 2207 Rogeri,
1510 2167 1608 2192 cum

79 2218 277 2258 omnibus
318 2220 599 2272 pertinenciis
642 2222 683 2259 et
721 2219 988 2258 aisiamentis
1025 2219 1069 2257 in
1107 2218 1352 2257 communia
1394 2217 1521 2266 villae,
1563 2217 1608 2255 in

79 2282 277 2322 omnibus
299 2282 402 2322 locis
423 2283 534 2323 infra
564 2283 710 2323 villam
734 2286 778 2322 et
812 2286 946 2333 extra,
968 2282 1115 2322 liberis
1149 2285 1193 2321 et
1225 2282 1385 2335 quietis
1407 2280 1460 2320 ab
1491 2281 1609 2320 omni

81 2346 272 2387 saeculari
295 2347 472 2387 servicio
495 2351 540 2387 et
562 2347 798 2387 exaccione.

169 2409 496 2451 Concessionem
517 2412 707 2464 insuper,
729 2411 1022 2459 donacionem,
1037 2414 1081 2449 et
1103 2409 1489 2459 confirmacionem,
1504 2422 1609 2462 quas

80 2473 218 2513 Ada'm
239 2474 290 2514 de
312 2475 453 2514 Vado¹
476 2489 553 2528 per
573 2478 733 2514 cartam
767 2488 886 2514 suam
910 2473 1013 2513 fecit
1036 2474 1176 2513 eidem
1208 2472 1427 2527 hospitali,
1449 2474 1500 2512 de
1523 2486 1609 2512 una

78 2550 174 2577 acra
194 2540 319 2578 terrae
340 2539 386 2578 in
410 2538 599 2592 Stodley,
621 2539 675 2578 ad
696 2538 839 2577 focum
853 2538 1165 2577 inveniendum
1179 2538 1231 2577 ad
1246 2552 1352 2590 opus
1371 2550 1608 2591 pauperum

77 2601 213 2654 ipsius
234 2601 330 2652 loci,
352 2602 396 2641 in
419 2616 570 2655 puram
593 2606 635 2641 et
658 2605 912 2655 perpetuam
934 2601 1224 2641 elemosinam.

167 2664 491 2705 Concessionem
528 2667 678 2715 eciam,
715 2665 1086 2705 confirmacionem
1130 2669 1173 2704 et
1213 2665 1473 2714 warantiam,
1505 2677 1610 2716 quas

79 2727 300 2769 Gilbertus
333 2729 448 2769 filius
484 2734 527 2769 et
562 2729 698 2769 haeres
728 2729 937 2768 willelmi
969 2729 1022 2769 de
1044 2729 1164 2768 Vado
1186 2743 1261 2782 per
1295 2734 1454 2768 cartam
1489 2742 1610 2767 suam

79 2789 182 2831 feeit
204 2792 344 2832 eidem
361 2791 578 2846 hospitali,
600 2793 651 2832 de
675 2792 874 2832 omnibus
905 2793 1030 2832 terris
1053 2796 1094 2832 et
1118 2792 1380 2831 tenementis
1401 2805 1499 2830 cum
1524 2792 1611 2830 suis

80 2856 372 2907 pertinenciis,
393 2856 674 2906 aisiamentis,
698 2860 741 2895 et.
762 2856 1048 2905 libertatibus,
1070 2855 1179 2895 infra
1203 2856 1345 2895 villam
1368 2855 1421 2895 de
1436 2855 1611 2908 Stodley

462 2936 517 2980 (1)
546 2935 705 2981 Perhaps
723 2938 731 2954 ‘
743 2934 782 2969 os
798 2935 937 2976 XVathf
954 2947 1039 2970 near
1055 2935 1184 2981 Ripon.

1750 173 1842 219 325

1647 312 1764 351 Spfflng

1646 353 1747 382 aned

1648 393 1764 421 Corke-

1647 432 1762 461 skelde.

1647 1266 1738 1303 King

1646 1306 1760 1336 «John‘s

1647 1356 1734 1375 curta
1750 1347 1836 1385 reyis.

1644 2173 1778 2210 Studley

1644 2212 1756 2248 Roget.

1644 2485 1747 2514 Adam
1766 2485 1801 2513 (Ie

1653 2525 1750 2553 ῖίιιΙυ.
