<?xml version="1.0" encoding="UTF-8"?>
<!DOCTYPE html PUBLIC "-//W3C//DTD XHTML 1.0 Transitional//EN"
    "http://www.w3.org/TR/xhtml1/DTD/xhtml1-transitional.dtd">
<html xmlns="http://www.w3.org/1999/xhtml" xml:lang="en" lang="en">
 <head>
  <title>
</title>
<meta http-equiv="Content-Type" content="text/html;charset=utf-8" />
  <meta name='ocr-system' content='tesseract 3.04.00' />
  <meta name='ocr-capabilities' content='ocr_page ocr_carea ocr_par ocr_line ocrx_word'/>
</head>
<body>
  <div class='ocr_page' id='page_1' title='image "./memorialsofchurc01fowl/memorialsofchurc01fowl_0162.png"; bbox 0 0 1955 3068; ppageno 0'>
   <div class='ocr_carea' id='block_1_1' title="bbox 76 160 1353 210">
    <p class='ocr_par' dir='ltr' id='par_1_1' title="bbox 76 160 1353 210">
     <span class='ocr_line' id='line_1_1' title="bbox 76 160 1353 210; baseline 0.003 -4"><span class='ocrx_word' id='word_1_1' title='bbox 76 160 170 207; x_wconf 77' lang='lat'>138</span> <span class='ocrx_word' id='word_1_2' title='bbox 789 175 1065 209; x_wconf 82' lang='lat' dir='ltr'><strong>MEMORIALS</strong></span> <span class='ocrx_word' id='word_1_3' title='bbox 1100 177 1158 209; x_wconf 77' lang='grc'>01·</span> <span class='ocrx_word' id='word_1_4' title='bbox 1193 177 1353 210; x_wconf 84' lang='lat' dir='ltr'>RIPON.</span> 
     </span>
    </p>
   </div>
   <div class='ocr_carea' id='block_1_2' title="bbox 74 284 1848 1360">
    <p class='ocr_par' dir='ltr' id='par_1_2' title="bbox 74 284 1842 342">
     <span class='ocr_line' id='line_1_2' title="bbox 74 284 1842 342; baseline 0 -14"><span class='ocrx_word' id='word_1_5' title='bbox 74 290 153 328; x_wconf 69' lang='lat' dir='ltr'>July</span> <span class='ocrx_word' id='word_1_6' title='bbox 168 291 215 329; x_wconf 89' lang='lat'>30,</span> <span class='ocrx_word' id='word_1_7' title='bbox 308 286 361 325; x_wconf 87' lang='grc'>(10</span> <span class='ocrx_word' id='word_1_8' title='bbox 383 286 550 339; x_wconf 85' lang='lat' dir='ltr'>Ripon’‚</span> <span class='ocrx_word' id='word_1_9' title='bbox 572 287 816 340; x_wconf 81' lang='lat' dir='ltr'>capellanis,</span> <span class='ocrx_word' id='word_1_10' title='bbox 837 284 1070 327; x_wconf 70' lang='lat' dir='ltr'>heredibus</span> <span class='ocrx_word' id='word_1_11' title='bbox 1097 290 1141 327; x_wconf 91' lang='lat' dir='ltr'>et</span> <span class='ocrx_word' id='word_1_12' title='bbox 1171 288 1399 342; x_wconf 87' lang='lat' dir='ltr'>assignatis</span> <span class='ocrx_word' id='word_1_13' title='bbox 1422 287 1523 337; x_wconf 88' lang='lat' dir='ltr'>suis,</span> <span class='ocrx_word' id='word_1_14' title='bbox 1544 290 1686 327; x_wconf 85' lang='lat' dir='ltr'>totum</span> <span class='ocrx_word' id='word_1_15' title='bbox 1701 288 1774 342; x_wconf 88' lang='lat' dir='ltr'>jus</span> <span class='ocrx_word' id='word_1_16' title='bbox 1797 293 1842 329; x_wconf 84' lang='lat' dir='ltr'>et</span> 
     </span>
    </p>

    <p class='ocr_par' dir='ltr' id='par_1_3' title="bbox 76 331 1840 404">
     <span class='ocr_line' id='line_1_3' title="bbox 76 331 1840 404; baseline 0.002 -15"><span class='ocrx_word' id='word_1_17' title='bbox 76 331 164 360; x_wconf 69' lang='grc'>1369·</span> <span class='ocrx_word' id='word_1_18' title='bbox 309 350 522 390; x_wconf 82' lang='grc'>013111011111</span> <span class='ocrx_word' id='word_1_19' title='bbox 544 365 690 391; x_wconf 83' lang='grc' dir='ltr'>111οι1111</span> <span class='ocrx_word' id='word_1_20' title='bbox 722 351 835 404; x_wconf 93' lang='lat' dir='ltr'>quod</span> <span class='ocrx_word' id='word_1_21' title='bbox 856 364 1048 403; x_wconf 89' lang='lat' dir='ltr'>unquam</span> <span class='ocrx_word' id='word_1_22' title='bbox 1079 350 1226 402; x_wconf 86' lang='lat' dir='ltr'>habui,</span> <span class='ocrx_word' id='word_1_23' title='bbox 1258 350 1410 401; x_wconf 79' lang='lat' dir='ltr'>habeo,</span> <span class='ocrx_word' id='word_1_24' title='bbox 1433 364 1509 390; x_wconf 90' lang='lat' dir='ltr'>seu</span> <span class='ocrx_word' id='word_1_25' title='bbox 1539 350 1682 403; x_wconf 88' lang='lat' dir='ltr'>aliquo</span> <span class='ocrx_word' id='word_1_26' title='bbox 1713 353 1840 392; x_wconf 94' lang='lat' dir='ltr'>modo</span> 
     </span>
    </p>

    <p class='ocr_par' dir='ltr' id='par_1_4' title="bbox 309 413 1841 468">
     <span class='ocr_line' id='line_1_4' title="bbox 309 413 1841 468; baseline 0.001 -15"><span class='ocrx_word' id='word_1_27' title='bbox 309 413 361 453; x_wconf 93' lang='lat' dir='ltr'>de</span> <span class='ocrx_word' id='word_1_28' title='bbox 383 418 534 454; x_wconf 76' lang='lat' dir='ltr'>caetero</span> <span class='ocrx_word' id='word_1_29' title='bbox 567 413 721 454; x_wconf 87' lang='lat' dir='ltr'>habere</span> <span class='ocrx_word' id='word_1_30' title='bbox 754 417 914 467; x_wconf 83' lang='lat' dir='ltr'>potero,</span> <span class='ocrx_word' id='word_1_31' title='bbox 936 415 982 453; x_wconf 93' lang='lat' dir='ltr'>in</span> <span class='ocrx_word' id='word_1_32' title='bbox 1003 418 1096 455; x_wconf 86' lang='lat' dir='ltr'>toto</span> <span class='ocrx_word' id='word_1_33' title='bbox 1123 415 1198 455; x_wconf 91' lang='lat' dir='ltr'>illo</span> <span class='ocrx_word' id='word_1_34' title='bbox 1233 415 1452 468; x_wconf 81' lang='lat' dir='ltr'>mesuagio</span> <span class='ocrx_word' id='word_1_35' title='bbox 1488 428 1587 454; x_wconf 89' lang='lat' dir='ltr'>cum</span> <span class='ocrx_word' id='word_1_36' title='bbox 1621 416 1707 454; x_wconf 89' lang='lat' dir='ltr'>suis</span> <span class='ocrx_word' id='word_1_37' title='bbox 1743 429 1841 468; x_wconf 88' lang='lat' dir='ltr'>per-</span> 
     </span>
    </p>

    <p class='ocr_par' dir='ltr' id='par_1_5' title="bbox 309 478 1839 533">
     <span class='ocr_line' id='line_1_5' title="bbox 309 478 1839 533; baseline 0.002 -17"><span class='ocrx_word' id='word_1_38' title='bbox 309 478 510 518; x_wconf 88' lang='lat' dir='ltr'>tinenciis</span> <span class='ocrx_word' id='word_1_39' title='bbox 546 479 659 531; x_wconf 90' lang='lat' dir='ltr'>quod</span> <span class='ocrx_word' id='word_1_40' title='bbox 689 478 809 531; x_wconf 81' lang='lat' dir='ltr'>jacet</span> <span class='ocrx_word' id='word_1_41' title='bbox 840 478 886 517; x_wconf 92' lang='lat' dir='ltr'>in</span> <span class='ocrx_word' id='word_1_42' title='bbox 922 478 1076 531; x_wconf 84' lang='lat' dir='ltr'>Ripon’</span> <span class='ocrx_word' id='word_1_43' title='bbox 1095 480 1142 518; x_wconf 89' lang='lat' dir='ltr'>in</span> <span class='ocrx_word' id='word_1_44' title='bbox 1170 479 1385 533; x_wconf 86' lang='lat' dir='ltr'>Anesgate</span> <span class='ocrx_word' id='word_1_45' title='bbox 1422 479 1537 518; x_wconf 86' lang='lat' dir='ltr'>inter</span> <span class='ocrx_word' id='word_1_46' title='bbox 1569 480 1839 533; x_wconf 85' lang='lat' dir='ltr'>mesuagium</span> 
     </span>
    </p>

    <p class='ocr_par' dir='ltr' id='par_1_6' title="bbox 309 539 1838 594">
     <span class='ocr_line' id='line_1_6' title="bbox 309 539 1838 594; baseline 0.001 -14"><span class='ocrx_word' id='word_1_47' title='bbox 309 539 521 581; x_wconf 84' lang='lat' dir='ltr'>Johannis</span> <span class='ocrx_word' id='word_1_48' title='bbox 562 542 614 581; x_wconf 93' lang='lat' dir='ltr'>de</span> <span class='ocrx_word' id='word_1_49' title='bbox 656 540 861 581; x_wconf 85' lang='lat' dir='ltr'>Tanfelde</span> <span class='ocrx_word' id='word_1_50' title='bbox 905 555 956 581; x_wconf 92' lang='lat' dir='ltr'>ex</span> <span class='ocrx_word' id='word_1_51' title='bbox 996 546 1117 594; x_wconf 86' lang='lat' dir='ltr'>parte</span> <span class='ocrx_word' id='word_1_52' title='bbox 1159 556 1246 581; x_wconf 90' lang='lat' dir='ltr'>una</span> <span class='ocrx_word' id='word_1_53' title='bbox 1286 545 1331 581; x_wconf 87' lang='lat' dir='ltr'>et</span> <span class='ocrx_word' id='word_1_54' title='bbox 1370 542 1532 581; x_wconf 85' lang='lat' dir='ltr'>toftum</span> <span class='ocrx_word' id='word_1_55' title='bbox 1578 542 1743 582; x_wconf 86' lang='lat' dir='ltr'>abbatis</span> <span class='ocrx_word' id='word_1_56' title='bbox 1784 543 1838 582; x_wconf 91' lang='lat' dir='ltr'>de</span> 
     </span>
    </p>

    <p class='ocr_par' dir='ltr' id='par_1_7' title="bbox 310 604 1839 659">
     <span class='ocr_line' id='line_1_7' title="bbox 310 604 1839 659; baseline 0.001 -16"><span class='ocrx_word' id='word_1_57' title='bbox 310 604 521 644; x_wconf 78' lang='lat' dir='ltr'>Fontibus</span> <span class='ocrx_word' id='word_1_58' title='bbox 556 619 607 644; x_wconf 87' lang='lat' dir='ltr'>ex</span> <span class='ocrx_word' id='word_1_59' title='bbox 640 608 761 658; x_wconf 88' lang='lat' dir='ltr'>parte</span> <span class='ocrx_word' id='word_1_60' title='bbox 795 605 944 655; x_wconf 83' lang='lat' dir='ltr'>altera,</span> <span class='ocrx_word' id='word_1_61' title='bbox 980 606 1094 658; x_wconf 90' lang='lat' dir='ltr'>quod</span> <span class='ocrx_word' id='word_1_62' title='bbox 1130 605 1306 658; x_wconf 90' lang='lat' dir='ltr'>quidem</span> <span class='ocrx_word' id='word_1_63' title='bbox 1342 606 1616 659; x_wconf 85' lang='lat' dir='ltr'>mesuagium</span> <span class='ocrx_word' id='word_1_64' title='bbox 1640 606 1839 658; x_wconf 76' lang='lat' dir='ltr'>praedicti</span> 
     </span>
    </p>

    <p class='ocr_par' dir='ltr' id='par_1_8' title="bbox 309 667 1840 719">
     <span class='ocr_line' id='line_1_8' title="bbox 309 667 1840 719; baseline 0.001 -12"><span class='ocrx_word' id='word_1_65' title='bbox 309 667 338 707; x_wconf 85' lang='lat' dir='ltr'><strong>J</strong></span> <span class='ocrx_word' id='word_1_66' title='bbox 340 667 541 719; x_wconf 85' lang='lat' dir='ltr'>ohannes,</span> <span class='ocrx_word' id='word_1_67' title='bbox 563 669 591 708; x_wconf 83' lang='lat' dir='ltr'>J</span> <span class='ocrx_word' id='word_1_68' title='bbox 594 667 796 718; x_wconf 88' lang='lat' dir='ltr'>ohannes,</span> <span class='ocrx_word' id='word_1_69' title='bbox 818 671 864 708; x_wconf 83' lang='lat' dir='ltr'>et</span> <span class='ocrx_word' id='word_1_70' title='bbox 884 668 911 708; x_wconf 81' lang='lat' dir='ltr'>J</span> <span class='ocrx_word' id='word_1_71' title='bbox 915 667 1117 719; x_wconf 84' lang='lat' dir='ltr'>ohannes,</span> <span class='ocrx_word' id='word_1_72' title='bbox 1134 668 1296 709; x_wconf 88' lang='lat' dir='ltr'>habent</span> <span class='ocrx_word' id='word_1_73' title='bbox 1313 682 1365 708; x_wconf 91' lang='lat' dir='ltr'>ex</span> <span class='ocrx_word' id='word_1_74' title='bbox 1380 669 1490 708; x_wconf 89' lang='lat' dir='ltr'>dono</span> <span class='ocrx_word' id='word_1_75' title='bbox 1505 672 1550 708; x_wconf 87' lang='lat' dir='ltr'>et</span> <span class='ocrx_word' id='word_1_76' title='bbox 1565 668 1840 709; x_wconf 86' lang='lat' dir='ltr'>feoffamento</span> 
     </span>
    </p>

    <p class='ocr_par' dir='ltr' id='par_1_9' title="bbox 311 732 1844 787">
     <span class='ocr_line' id='line_1_9' title="bbox 311 732 1844 787; baseline 0.001 -16"><span class='ocrx_word' id='word_1_77' title='bbox 311 732 490 771; x_wconf 83' lang='lat' dir='ltr'>Henrici</span> <span class='ocrx_word' id='word_1_78' title='bbox 521 733 574 772; x_wconf 90' lang='lat' dir='ltr'>de</span> <span class='ocrx_word' id='word_1_79' title='bbox 604 733 850 785; x_wconf 84' lang='lat' dir='ltr'>Plompton‚</span> <span class='ocrx_word' id='word_1_80' title='bbox 882 733 1028 772; x_wconf 87' lang='lat' dir='ltr'>vicarii</span> <span class='ocrx_word' id='word_1_81' title='bbox 1060 733 1249 773; x_wconf 85' lang='lat' dir='ltr'>ecclesiae</span> <span class='ocrx_word' id='word_1_82' title='bbox 1280 733 1516 787; x_wconf 75' lang='lat' dir='ltr'>collegiatae</span> <span class='ocrx_word' id='word_1_83' title='bbox 1545 733 1712 786; x_wconf 85' lang='lat' dir='ltr'>Ripon’.</span> <span class='ocrx_word' id='word_1_84' title='bbox 1773 734 1844 774; x_wconf 87' lang='lat' dir='ltr'>Ita</span> 
     </span>
    </p>

    <p class='ocr_par' dir='ltr' id='par_1_10' title="bbox 310 797 1841 851">
     <span class='ocr_line' id='line_1_10' title="bbox 310 797 1841 851; baseline 0.001 -15"><span class='ocrx_word' id='word_1_85' title='bbox 310 797 512 837; x_wconf 85' lang='lat' dir='ltr'>videlicet</span> <span class='ocrx_word' id='word_1_86' title='bbox 533 798 646 851; x_wconf 88' lang='lat' dir='ltr'>quod</span> <span class='ocrx_word' id='word_1_87' title='bbox 667 811 746 837; x_wconf 91' lang='lat' dir='ltr'>nec</span> <span class='ocrx_word' id='word_1_88' title='bbox 778 811 858 851; x_wconf 87' lang='lat' dir='ltr'>ego</span> <span class='ocrx_word' id='word_1_89' title='bbox 889 798 1093 851; x_wconf 65' lang='lat' dir='ltr'>praedicta</span> <span class='ocrx_word' id='word_1_90' title='bbox 1123 798 1304 838; x_wconf 85' lang='lat' dir='ltr'>Matilda</span> <span class='ocrx_word' id='word_1_91' title='bbox 1335 812 1414 838; x_wconf 87' lang='lat' dir='ltr'>nec</span> <span class='ocrx_word' id='word_1_92' title='bbox 1435 797 1623 838; x_wconf 81' lang='lat' dir='ltr'>haeredes</span> <span class='ocrx_word' id='word_1_93' title='bbox 1646 800 1733 838; x_wconf 90' lang='lat' dir='ltr'>mei</span> <span class='ocrx_word' id='word_1_94' title='bbox 1760 813 1841 839; x_wconf 92' lang='lat' dir='ltr'>nec</span> 
     </span>
    </p>

    <p class='ocr_par' dir='ltr' id='par_1_11' title="bbox 311 861 1843 915">
     <span class='ocr_line' id='line_1_11' title="bbox 311 861 1843 915; baseline 0.001 -15"><span class='ocrx_word' id='word_1_95' title='bbox 311 861 464 914; x_wconf 88' lang='lat' dir='ltr'>aliquis</span> <span class='ocrx_word' id='word_1_96' title='bbox 498 875 574 914; x_wconf 90' lang='lat' dir='ltr'>pro</span> <span class='ocrx_word' id='word_1_97' title='bbox 606 875 676 900; x_wconf 88' lang='lat' dir='ltr'>me</span> <span class='ocrx_word' id='word_1_98' title='bbox 711 875 786 901; x_wconf 90' lang='lat' dir='ltr'>seu</span> <span class='ocrx_word' id='word_1_99' title='bbox 822 862 997 901; x_wconf 91' lang='lat' dir='ltr'>nomine</span> <span class='ocrx_word' id='word_1_100' title='bbox 1034 876 1131 902; x_wconf 91' lang='lat' dir='ltr'>meo</span> <span class='ocrx_word' id='word_1_101' title='bbox 1163 862 1326 914; x_wconf 89' lang='lat' dir='ltr'>aliquid</span> <span class='ocrx_word' id='word_1_102' title='bbox 1356 861 1468 915; x_wconf 88' lang='lat' dir='ltr'>juris</span> <span class='ocrx_word' id='word_1_103' title='bbox 1509 861 1577 901; x_wconf 90' lang='lat' dir='ltr'>vel</span> <span class='ocrx_word' id='word_1_104' title='bbox 1613 862 1765 902; x_wconf 89' lang='lat' dir='ltr'>clamei</span> <span class='ocrx_word' id='word_1_105' title='bbox 1796 863 1843 901; x_wconf 93' lang='lat' dir='ltr'>in</span> 
     </span>
    </p>

    <p class='ocr_par' dir='ltr' id='par_1_12' title="bbox 311 925 1847 979">
     <span class='ocr_line' id='line_1_12' title="bbox 311 925 1847 979; baseline 0.001 -16"><span class='ocrx_word' id='word_1_106' title='bbox 311 925 513 977; x_wconf 76' lang='lat' dir='ltr'>praedicto</span> <span class='ocrx_word' id='word_1_107' title='bbox 534 925 753 978; x_wconf 85' lang='lat' dir='ltr'>mesuagio</span> <span class='ocrx_word' id='word_1_108' title='bbox 781 939 880 965; x_wconf 91' lang='lat' dir='ltr'>cum</span> <span class='ocrx_word' id='word_1_109' title='bbox 914 926 1001 965; x_wconf 89' lang='lat' dir='ltr'>suis</span> <span class='ocrx_word' id='word_1_110' title='bbox 1033 926 1314 978; x_wconf 71' lang='lat' dir='ltr'>pertinenciis</span> <span class='ocrx_word' id='word_1_111' title='bbox 1336 925 1389 965; x_wconf 92' lang='lat' dir='ltr'>de</span> <span class='ocrx_word' id='word_1_112' title='bbox 1411 928 1564 965; x_wconf 74' lang='lat' dir='ltr'>caetero</span> <span class='ocrx_word' id='word_1_113' title='bbox 1587 926 1757 979; x_wconf 82' lang='lat' dir='ltr'>exigere</span> <span class='ocrx_word' id='word_1_114' title='bbox 1779 925 1847 965; x_wconf 90' lang='lat' dir='ltr'>vel</span> 
     </span>
    </p>

    <p class='ocr_par' dir='ltr' id='par_1_13' title="bbox 311 988 1846 1041">
     <span class='ocr_line' id='line_1_13' title="bbox 311 988 1846 1041; baseline 0.001 -14"><span class='ocrx_word' id='word_1_115' title='bbox 311 988 535 1027; x_wconf 87' lang='lat' dir='ltr'>vendicare</span> <span class='ocrx_word' id='word_1_116' title='bbox 565 989 803 1041; x_wconf 86' lang='lat' dir='ltr'>poterimus</span> <span class='ocrx_word' id='word_1_117' title='bbox 834 989 879 1027; x_wconf 91' lang='lat' dir='ltr'>in</span> <span class='ocrx_word' id='word_1_118' title='bbox 911 988 1124 1039; x_wconf 84' lang='lat' dir='ltr'>futurum,</span> <span class='ocrx_word' id='word_1_119' title='bbox 1158 989 1231 1028; x_wconf 91' lang='lat' dir='ltr'>sed</span> <span class='ocrx_word' id='word_1_120' title='bbox 1263 989 1317 1028; x_wconf 87' lang='lat' dir='ltr'>ab</span> <span class='ocrx_word' id='word_1_121' title='bbox 1350 989 1468 1028; x_wconf 91' lang='lat' dir='ltr'>omni</span> <span class='ocrx_word' id='word_1_122' title='bbox 1500 989 1673 1028; x_wconf 80' lang='lat' dir='ltr'>accione</span> <span class='ocrx_word' id='word_1_123' title='bbox 1697 1002 1846 1028; x_wconf 88' lang='lat' dir='ltr'>sumus</span> 
     </span>
    </p>

    <p class='ocr_par' dir='ltr' id='par_1_14' title="bbox 312 1051 1846 1105">
     <span class='ocr_line' id='line_1_14' title="bbox 312 1051 1846 1105; baseline 0 -14"><span class='ocrx_word' id='word_1_124' title='bbox 312 1052 472 1091; x_wconf 84' lang='lat' dir='ltr'>exclusi</span> <span class='ocrx_word' id='word_1_125' title='bbox 494 1065 569 1105; x_wconf 88' lang='lat' dir='ltr'>per</span> <span class='ocrx_word' id='word_1_126' title='bbox 590 1055 823 1105; x_wconf 75' lang='lat' dir='ltr'>praesentes</span> <span class='ocrx_word' id='word_1_127' title='bbox 844 1053 1181 1105; x_wconf 87' lang='lat' dir='ltr'>imperpetuum.</span> <span class='ocrx_word' id='word_1_128' title='bbox 1242 1053 1295 1092; x_wconf 91' lang='lat' dir='ltr'>In</span> <span class='ocrx_word' id='word_1_129' title='bbox 1317 1051 1439 1105; x_wconf 87' lang='lat' dir='ltr'>cujus</span> <span class='ocrx_word' id='word_1_130' title='bbox 1461 1053 1524 1092; x_wconf 87' lang='lat' dir='ltr'>rei</span> <span class='ocrx_word' id='word_1_131' title='bbox 1545 1053 1846 1092; x_wconf 84' lang='lat' dir='ltr'>testimonium</span> 
     </span>
    </p>

    <p class='ocr_par' dir='ltr' id='par_1_15' title="bbox 312 1115 1844 1170">
     <span class='ocr_line' id='line_1_15' title="bbox 312 1115 1844 1170; baseline 0.001 -15"><span class='ocrx_word' id='word_1_132' title='bbox 312 1117 513 1169; x_wconf 78' lang='lat' dir='ltr'>praesenti</span> <span class='ocrx_word' id='word_1_133' title='bbox 532 1117 689 1169; x_wconf 87' lang='lat' dir='ltr'>scripto</span> <span class='ocrx_word' id='word_1_134' title='bbox 707 1116 899 1170; x_wconf 88' lang='lat' dir='ltr'>sigillum</span> <span class='ocrx_word' id='word_1_135' title='bbox 915 1130 1063 1156; x_wconf 92' lang='lat' dir='ltr'>meum</span> <span class='ocrx_word' id='word_1_136' title='bbox 1079 1118 1271 1169; x_wconf 89' lang='lat' dir='ltr'>apposui.</span> <span class='ocrx_word' id='word_1_137' title='bbox 1314 1116 1413 1156; x_wconf 91' lang='lat' dir='ltr'>Hiis</span> <span class='ocrx_word' id='word_1_138' title='bbox 1430 1116 1629 1166; x_wconf 89' lang='lat' dir='ltr'>testibus,</span> <span class='ocrx_word' id='word_1_139' title='bbox 1647 1116 1674 1156; x_wconf 85' lang='lat' dir='ltr'><strong>J</strong></span> <span class='ocrx_word' id='word_1_140' title='bbox 1677 1115 1844 1157; x_wconf 88' lang='lat' dir='ltr'>ohanne</span> 
     </span>
    </p>

    <p class='ocr_par' dir='ltr' id='par_1_16' title="bbox 312 1178 1846 1297">
     <span class='ocr_line' id='line_1_16' title="bbox 312 1178 1846 1229; baseline 0.001 -10"><span class='ocrx_word' id='word_1_141' title='bbox 312 1180 365 1219; x_wconf 91' lang='lat' dir='ltr'>de</span> <span class='ocrx_word' id='word_1_142' title='bbox 399 1179 643 1229; x_wconf 83' lang='lat' dir='ltr'>Shirwode3</span> <span class='ocrx_word' id='word_1_143' title='bbox 675 1180 862 1220; x_wconf 82' lang='lat' dir='ltr'>Roberto</span> <span class='ocrx_word' id='word_1_144' title='bbox 893 1180 945 1220; x_wconf 92' lang='lat' dir='ltr'>de</span> <span class='ocrx_word' id='word_1_145' title='bbox 978 1179 1268 1229; x_wconf 81' lang='lat' dir='ltr'>Brounhows3</span> <span class='ocrx_word' id='word_1_146' title='bbox 1300 1178 1498 1220; x_wconf 84' lang='lat' dir='ltr'>Johanne</span> <span class='ocrx_word' id='word_1_147' title='bbox 1529 1180 1581 1219; x_wconf 90' lang='lat' dir='ltr'>de</span> <span class='ocrx_word' id='word_1_148' title='bbox 1611 1179 1846 1229; x_wconf 81' lang='lat' dir='ltr'>Tanfelde3</span> 
     </span>
     <span class='ocr_line' id='line_1_17' title="bbox 312 1243 1656 1297; baseline 0.001 -16"><span class='ocrx_word' id='word_1_149' title='bbox 312 1243 531 1283; x_wconf 90' lang='lat' dir='ltr'>Willelmo</span> <span class='ocrx_word' id='word_1_150' title='bbox 552 1244 604 1283; x_wconf 90' lang='lat' dir='ltr'>de</span> <span class='ocrx_word' id='word_1_151' title='bbox 629 1243 803 1284; x_wconf 82' lang='lat' dir='ltr'>Scotton</span> <span class='ocrx_word' id='word_1_152' title='bbox 822 1258 832 1292; x_wconf 84' lang='lat'>3</span> <span class='ocrx_word' id='word_1_153' title='bbox 868 1244 1054 1284; x_wconf 85' lang='lat' dir='ltr'>Roberto</span> <span class='ocrx_word' id='word_1_154' title='bbox 1077 1243 1247 1297; x_wconf 83' lang='lat' dir='ltr'>Skayffe</span> <span class='ocrx_word' id='word_1_155' title='bbox 1266 1258 1278 1292; x_wconf 84' lang='lat'>3</span> <span class='ocrx_word' id='word_1_156' title='bbox 1310 1246 1355 1283; x_wconf 90' lang='lat' dir='ltr'>et</span> <span class='ocrx_word' id='word_1_157' title='bbox 1374 1243 1526 1283; x_wconf 90' lang='lat' dir='ltr'>multis</span> <span class='ocrx_word' id='word_1_158' title='bbox 1547 1243 1656 1283; x_wconf 87' lang='lat' dir='ltr'>aliis.</span> 
     </span>
    </p>

    <p class='ocr_par' dir='ltr' id='par_1_17' title="bbox 402 1306 1848 1360">
     <span class='ocr_line' id='line_1_18' title="bbox 402 1306 1848 1360; baseline -0.001 -14"><span class='ocrx_word' id='word_1_159' title='bbox 402 1307 500 1346; x_wconf 88' lang='lat' dir='ltr'>Dat.</span> <span class='ocrx_word' id='word_1_160' title='bbox 523 1307 636 1360; x_wconf 90' lang='lat' dir='ltr'>apud</span> <span class='ocrx_word' id='word_1_161' title='bbox 658 1306 824 1359; x_wconf 81' lang='lat' dir='ltr'>Ripon&#39;,</span> <span class='ocrx_word' id='word_1_162' title='bbox 847 1307 917 1347; x_wconf 89' lang='lat' dir='ltr'>die</span> <span class='ocrx_word' id='word_1_163' title='bbox 940 1308 1074 1346; x_wconf 87' lang='lat' dir='ltr'>Lunae</span> <span class='ocrx_word' id='word_1_164' title='bbox 1095 1321 1213 1360; x_wconf 89' lang='lat' dir='ltr'>prox.</span> <span class='ocrx_word' id='word_1_165' title='bbox 1233 1310 1330 1360; x_wconf 88' lang='lat' dir='ltr'>post-</span> <span class='ocrx_word' id='word_1_166' title='bbox 1359 1306 1522 1346; x_wconf 87' lang='lat' dir='ltr'>festum</span> <span class='ocrx_word' id='word_1_167' title='bbox 1553 1306 1675 1346; x_wconf 89' lang='lat' dir='ltr'>Beati</span> <span class='ocrx_word' id='word_1_168' title='bbox 1699 1307 1848 1347; x_wconf 87' lang='lat' dir='ltr'>Jacobi</span> 
     </span>
    </p>
   </div>
   <div class='ocr_carea' id='block_1_3' title="bbox 313 1370 1850 1473">
    <p class='ocr_par' dir='ltr' id='par_1_18' title="bbox 313 1370 1850 1473">
     <span class='ocr_line' id='line_1_19' title="bbox 313 1370 1850 1424; baseline 0.001 -16"><span class='ocrx_word' id='word_1_169' title='bbox 313 1370 522 1422; x_wconf 85' lang='lat' dir='ltr'>Apostoli,</span> <span class='ocrx_word' id='word_1_170' title='bbox 567 1370 691 1409; x_wconf 92' lang='lat' dir='ltr'>Anno</span> <span class='ocrx_word' id='word_1_171' title='bbox 742 1370 916 1410; x_wconf 91' lang='lat' dir='ltr'>Domini</span> <span class='ocrx_word' id='word_1_172' title='bbox 967 1370 1202 1410; x_wconf 81' lang='lat' dir='ltr'>Millesimo</span> <span class='ocrx_word' id='word_1_173' title='bbox 1253 1370 1548 1410; x_wconf 85' lang='lat' dir='ltr'>tricentesimo</span> <span class='ocrx_word' id='word_1_174' title='bbox 1589 1370 1850 1424; x_wconf 86' lang='lat' dir='ltr'>sexagesimo</span> 
     </span>
     <span class='ocr_line' id='line_1_20' title="bbox 314 1433 458 1473; baseline 0.007 -1"><span class='ocrx_word' id='word_1_175' title='bbox 314 1433 458 1473; x_wconf 53' lang='lat' dir='ltr'>nonost</span> 
     </span>
    </p>
   </div>
   <div class='ocr_carea' id='block_1_4' title="bbox 1015 1528 1155 1574">
    <p class='ocr_par' dir='ltr' id='par_1_19' title="bbox 1015 1528 1155 1574">
     <span class='ocr_line' id='line_1_21' title="bbox 1015 1528 1155 1574; baseline 0.007 -12"><span class='ocrx_word' id='word_1_176' title='bbox 1015 1528 1155 1574; x_wconf 82' lang='lat' dir='ltr'>(Lm.)</span> 
     </span>
    </p>
   </div>
   <div class='ocr_carea' id='block_1_5' title="bbox 79 1609 1850 1792">
    <p class='ocr_par' dir='ltr' id='par_1_20' title="bbox 79 1609 1850 1792">
     <span class='ocr_line' id='line_1_22' title="bbox 84 1609 1849 1667; baseline -0.001 -16"><span class='ocrx_word' id='word_1_177' title='bbox 84 1621 282 1667; x_wconf 49' lang='lat' dir='ltr'>qohnclymn</span> <span class='ocrx_word' id='word_1_178' title='bbox 407 1612 552 1652; x_wconf 83' lang='lat' dir='ltr'>Sciant</span> <span class='ocrx_word' id='word_1_179' title='bbox 574 1614 807 1665; x_wconf 70' lang='lat' dir='ltr'>praesentes</span> <span class='ocrx_word' id='word_1_180' title='bbox 830 1614 875 1651; x_wconf 86' lang='lat' dir='ltr'>et</span> <span class='ocrx_word' id='word_1_181' title='bbox 895 1609 1032 1650; x_wconf 89' lang='lat' dir='ltr'>futuri</span> <span class='ocrx_word' id='word_1_182' title='bbox 1054 1611 1166 1664; x_wconf 90' lang='lat' dir='ltr'>quod</span> <span class='ocrx_word' id='word_1_183' title='bbox 1182 1624 1261 1664; x_wconf 92' lang='lat' dir='ltr'>ego</span> <span class='ocrx_word' id='word_1_184' title='bbox 1283 1610 1310 1651; x_wconf 87' lang='lat' dir='ltr'>J</span> <span class='ocrx_word' id='word_1_185' title='bbox 1312 1609 1501 1650; x_wconf 87' lang='lat' dir='ltr'>ohannes</span> <span class='ocrx_word' id='word_1_186' title='bbox 1517 1609 1670 1663; x_wconf 84' lang='lat' dir='ltr'>Clynte</span> <span class='ocrx_word' id='word_1_187' title='bbox 1688 1609 1849 1663; x_wconf 85' lang='lat' dir='ltr'>junior,</span> 
     </span>
     <span class='ocr_line' id='line_1_23' title="bbox 79 1663 1850 1729; baseline -0.002 -14"><span class='ocrx_word' id='word_1_188' title='bbox 79 1663 284 1729; x_wconf 52' lang='lat' dir='ltr'>{ffiheggffigss</span> <span class='ocrx_word' id='word_1_189' title='bbox 317 1676 513 1725; x_wconf 81' lang='lat' dir='ltr'>vicarius,</span> <span class='ocrx_word' id='word_1_190' title='bbox 545 1675 659 1725; x_wconf 83' lang='lat' dir='ltr'>dedi,</span> <span class='ocrx_word' id='word_1_191' title='bbox 691 1675 879 1714; x_wconf 88' lang='lat' dir='ltr'>concessi</span> <span class='ocrx_word' id='word_1_192' title='bbox 911 1678 956 1714; x_wconf 90' lang='lat' dir='ltr'>et</span> <span class='ocrx_word' id='word_1_193' title='bbox 987 1673 1066 1714; x_wconf 89' lang='lat' dir='ltr'>hac</span> <span class='ocrx_word' id='word_1_194' title='bbox 1097 1675 1300 1727; x_wconf 82' lang='lat' dir='ltr'>praesenti</span> <span class='ocrx_word' id='word_1_195' title='bbox 1331 1678 1447 1713; x_wconf 86' lang='lat' dir='ltr'>carta</span> <span class='ocrx_word' id='word_1_196' title='bbox 1477 1687 1573 1713; x_wconf 87' lang='lat' dir='ltr'>mea</span> <span class='ocrx_word' id='word_1_197' title='bbox 1603 1673 1850 1713; x_wconf 85' lang='lat' dir='ltr'>confirmavi</span> 
     </span>
     <span class='ocr_line' id='line_1_24' title="bbox 84 1735 1850 1792; baseline -0.002 -13"><span class='ocrx_word' id='word_1_198' title='bbox 84 1739 146 1767; x_wconf 78' lang='lat' dir='ltr'>five</span> <span class='ocrx_word' id='word_1_199' title='bbox 161 1739 263 1767; x_wconf 79' lang='lat' dir='ltr'>vicars</span> <span class='ocrx_word' id='word_1_200' title='bbox 317 1738 504 1779; x_wconf 82' lang='lat' dir='ltr'>Johanni</span> <span class='ocrx_word' id='word_1_201' title='bbox 537 1739 591 1779; x_wconf 89' lang='grc'>(10</span> <span class='ocrx_word' id='word_1_202' title='bbox 614 1739 875 1792; x_wconf 87' lang='lat' dir='ltr'>Bondegate,</span> <span class='ocrx_word' id='word_1_203' title='bbox 908 1737 1098 1778; x_wconf 80' lang='lat' dir='ltr'>Johanni</span> <span class='ocrx_word' id='word_1_204' title='bbox 1130 1738 1223 1790; x_wconf 83' lang='lat' dir='ltr'>Ely,</span> <span class='ocrx_word' id='word_1_205' title='bbox 1246 1738 1436 1778; x_wconf 82' lang='lat' dir='ltr'>Roberto</span> <span class='ocrx_word' id='word_1_206' title='bbox 1461 1738 1639 1788; x_wconf 82' lang='lat' dir='ltr'>Merott,</span> <span class='ocrx_word' id='word_1_207' title='bbox 1661 1737 1688 1777; x_wconf 86' lang='lat' dir='ltr'><strong>J</strong></span> <span class='ocrx_word' id='word_1_208' title='bbox 1692 1735 1850 1776; x_wconf 88' lang='lat' dir='ltr'>obanni</span> 
     </span>
    </p>
   </div>
   <div class='ocr_carea' id='block_1_6' title="bbox 86 1777 1852 1856">
    <p class='ocr_par' dir='ltr' id='par_1_21' title="bbox 86 1777 1852 1856">
     <span class='ocr_line' id='line_1_25' title="bbox 86 1777 1776 1809; baseline -0.004 -3"><span class='ocrx_word' id='word_1_209' title='bbox 86 1787 125 1806; x_wconf 79' lang='lat' dir='ltr'>an</span> <span class='ocrx_word' id='word_1_210' title='bbox 142 1777 259 1806; x_wconf 82' lang='lat' dir='ltr'>annual</span> <span class='ocrx_word' id='word_1_211' title='bbox 1175 1802 1182 1809; x_wconf 74' lang='grc'>,</span> <span class='ocrx_word' id='word_1_212' title='bbox 1263 1802 1288 1809; x_wconf 78' lang='grc'>,,</span> <span class='ocrx_word' id='word_1_213' title='bbox 1347 1802 1354 1809; x_wconf 75' lang='grc'>,</span> <span class='ocrx_word' id='word_1_214' title='bbox 1560 1801 1567 1808; x_wconf 74' lang='lat'><em>,</em></span> <span class='ocrx_word' id='word_1_215' title='bbox 1769 1801 1776 1808; x_wconf 68' lang='lat'>‚</span> 
     </span>
     <span class='ocr_line' id='line_1_26' title="bbox 86 1800 1852 1856; baseline -0.003 -11"><span class='ocrx_word' id='word_1_216' title='bbox 86 1820 156 1845; x_wconf 78' lang='lat' dir='ltr'>rent</span> <span class='ocrx_word' id='word_1_217' title='bbox 171 1817 204 1845; x_wconf 71' lang='lat' dir='ltr'>of</span> <span class='ocrx_word' id='word_1_218' title='bbox 222 1817 264 1844; x_wconf 73' lang='lat'>2⁸.</span> <span class='ocrx_word' id='word_1_219' title='bbox 318 1803 534 1856; x_wconf 80' lang='lat' dir='ltr'>Quynton,</span> <span class='ocrx_word' id='word_1_220' title='bbox 558 1805 603 1842; x_wconf 89' lang='lat' dir='ltr'>et</span> <span class='ocrx_word' id='word_1_221' title='bbox 624 1802 781 1842; x_wconf 86' lang='lat' dir='ltr'>Jacobo</span> <span class='ocrx_word' id='word_1_222' title='bbox 805 1802 1122 1855; x_wconf 87' lang='lat' dir='ltr'>Conyngeston,</span> <span class='ocrx_word' id='word_1_223' title='bbox 1144 1815 1312 1841; x_wconf 76' lang='lat' dir='ltr'>vicarlis</span> <span class='ocrx_word' id='word_1_224' title='bbox 1343 1815 1387 1840; x_wconf 91' lang='lat' dir='ltr'>m</span> <span class='ocrx_word' id='word_1_225' title='bbox 1420 1801 1597 1841; x_wconf 74' lang='lat' dir='ltr'>eccleffla</span> <span class='ocrx_word' id='word_1_226' title='bbox 1628 1800 1852 1854; x_wconf 79' lang='lat' dir='ltr'>colleglata</span> 
     </span>
    </p>
   </div>
   <div class='ocr_carea' id='block_1_7' title="bbox 86 1856 1860 2680">
    <p class='ocr_par' dir='ltr' id='par_1_22' title="bbox 86 1856 1860 2680">
     <span class='ocr_line' id='line_1_27' title="bbox 86 1856 1853 1928; baseline -0.003 -21"><span class='ocrx_word' id='word_1_227' title='bbox 86 1856 283 1928; x_wconf 43' lang='grc' dir='ltr'>ζζξζξῗξῑ).</span> <span class='ocrx_word' id='word_1_228' title='bbox 318 1866 483 1920; x_wconf 88' lang='lat' dir='ltr'>Ripon’,</span> <span class='ocrx_word' id='word_1_229' title='bbox 506 1866 719 1919; x_wconf 87' lang='lat' dir='ltr'>quendam</span> <span class='ocrx_word' id='word_1_230' title='bbox 742 1866 972 1905; x_wconf 85' lang='lat' dir='ltr'>annualem</span> <span class='ocrx_word' id='word_1_231' title='bbox 993 1865 1211 1905; x_wconf 89' lang='lat' dir='ltr'>redditum</span> <span class='ocrx_word' id='word_1_232' title='bbox 1233 1865 1415 1904; x_wconf 89' lang='lat' dir='ltr'>duorum</span> <span class='ocrx_word' id='word_1_233' title='bbox 1438 1865 1670 1904; x_wconf 87' lang='lat' dir='ltr'>solidorum</span> <span class='ocrx_word' id='word_1_234' title='bbox 1692 1877 1853 1903; x_wconf 89' lang='lat' dir='ltr'>exeun-</span> 
     </span>
     <span class='ocr_line' id='line_1_28' title="bbox 86 1927 1852 1983; baseline -0.003 -12"><span class='ocrx_word' id='word_1_235' title='bbox 86 1935 114 1970; x_wconf 79' lang='lat'>4‚</span> <span class='ocrx_word' id='word_1_236' title='bbox 132 1934 218 1962; x_wconf 75' lang='lat'>1399·</span> <span class='ocrx_word' id='word_1_237' title='bbox 317 1935 407 1971; x_wconf 86' lang='lat' dir='ltr'>tem</span> <span class='ocrx_word' id='word_1_238' title='bbox 429 1931 481 1970; x_wconf 92' lang='grc'>(10</span> <span class='ocrx_word' id='word_1_239' title='bbox 503 1944 589 1970; x_wconf 86' lang='grc'>11110</span> <span class='ocrx_word' id='word_1_240' title='bbox 610 1931 833 1983; x_wconf 86' lang='lat' dir='ltr'>mesuagio</span> <span class='ocrx_word' id='word_1_241' title='bbox 855 1943 954 1969; x_wconf 91' lang='lat' dir='ltr'>cum</span> <span class='ocrx_word' id='word_1_242' title='bbox 977 1930 1063 1969; x_wconf 89' lang='lat' dir='ltr'>suis</span> <span class='ocrx_word' id='word_1_243' title='bbox 1085 1930 1364 1982; x_wconf 88' lang='lat' dir='ltr'>pertinenciis</span> <span class='ocrx_word' id='word_1_244' title='bbox 1388 1929 1500 1968; x_wconf 84' lang='lat' dir='ltr'>sicut</span> <span class='ocrx_word' id='word_1_245' title='bbox 1515 1928 1632 1981; x_wconf 85' lang='lat' dir='ltr'>jacet</span> <span class='ocrx_word' id='word_1_246' title='bbox 1652 1928 1697 1967; x_wconf 91' lang='lat' dir='ltr'>in</span> <span class='ocrx_word' id='word_1_247' title='bbox 1711 1927 1852 1980; x_wconf 86' lang='lat' dir='ltr'>Ripon</span> 
     </span>
     <span class='ocr_line' id='line_1_29' title="bbox 318 1991 1852 2048; baseline -0.003 -14"><span class='ocrx_word' id='word_1_248' title='bbox 318 1995 364 2034; x_wconf 89' lang='lat' dir='ltr'>in</span> <span class='ocrx_word' id='word_1_249' title='bbox 397 1995 613 2048; x_wconf 86' lang='lat' dir='ltr'>Anesgate</span> <span class='ocrx_word' id='word_1_250' title='bbox 650 1994 765 2032; x_wconf 91' lang='lat' dir='ltr'>inter</span> <span class='ocrx_word' id='word_1_251' title='bbox 798 1993 1070 2047; x_wconf 84' lang='lat' dir='ltr'>mesuagium</span> <span class='ocrx_word' id='word_1_252' title='bbox 1107 1993 1135 2033; x_wconf 83' lang='lat' dir='ltr'>J</span> <span class='ocrx_word' id='word_1_253' title='bbox 1137 1991 1316 2032; x_wconf 89' lang='lat' dir='ltr'>ohannis</span> <span class='ocrx_word' id='word_1_254' title='bbox 1349 1992 1402 2032; x_wconf 88' lang='lat' dir='ltr'>de</span> <span class='ocrx_word' id='word_1_255' title='bbox 1436 1991 1641 2031; x_wconf 84' lang='lat' dir='ltr'>Tanfelde</span> <span class='ocrx_word' id='word_1_256' title='bbox 1678 2005 1730 2031; x_wconf 84' lang='lat' dir='ltr'>ex</span> <span class='ocrx_word' id='word_1_257' title='bbox 1765 2004 1852 2029; x_wconf 89' lang='lat' dir='ltr'>una</span> 
     </span>
     <span class='ocr_line' id='line_1_30' title="bbox 319 2054 1855 2110; baseline -0.003 -13"><span class='ocrx_word' id='word_1_258' title='bbox 319 2061 454 2110; x_wconf 83' lang='lat' dir='ltr'>parte,</span> <span class='ocrx_word' id='word_1_259' title='bbox 492 2060 537 2096; x_wconf 89' lang='lat' dir='ltr'>et</span> <span class='ocrx_word' id='word_1_260' title='bbox 561 2056 721 2096; x_wconf 86' lang='lat' dir='ltr'>toftum</span> <span class='ocrx_word' id='word_1_261' title='bbox 754 2056 919 2096; x_wconf 83' lang='lat' dir='ltr'>abbatis</span> <span class='ocrx_word' id='word_1_262' title='bbox 957 2057 1010 2096; x_wconf 91' lang='lat' dir='ltr'>de</span> <span class='ocrx_word' id='word_1_263' title='bbox 1043 2056 1255 2096; x_wconf 87' lang='lat' dir='ltr'>Fontibus</span> <span class='ocrx_word' id='word_1_264' title='bbox 1292 2069 1343 2095; x_wconf 88' lang='lat' dir='ltr'>ex</span> <span class='ocrx_word' id='word_1_265' title='bbox 1379 2059 1499 2108; x_wconf 86' lang='lat' dir='ltr'>parte</span> <span class='ocrx_word' id='word_1_266' title='bbox 1536 2055 1685 2105; x_wconf 85' lang='lat' dir='ltr'>altera,</span> <span class='ocrx_word' id='word_1_267' title='bbox 1718 2054 1855 2107; x_wconf 91' lang='lat' dir='ltr'>perci-</span> 
     </span>
     <span class='ocr_line' id='line_1_31' title="bbox 319 2119 1856 2174; baseline -0.002 -15"><span class='ocrx_word' id='word_1_268' title='bbox 319 2121 526 2174; x_wconf 91' lang='lat' dir='ltr'>piendum</span> <span class='ocrx_word' id='word_1_269' title='bbox 543 2120 596 2160; x_wconf 88' lang='lat' dir='ltr'>ad</span> <span class='ocrx_word' id='word_1_270' title='bbox 613 2120 817 2159; x_wconf 89' lang='lat' dir='ltr'>terminos</span> <span class='ocrx_word' id='word_1_271' title='bbox 840 2119 1117 2159; x_wconf 86' lang='lat' dir='ltr'>Pentecostes</span> <span class='ocrx_word' id='word_1_272' title='bbox 1141 2122 1185 2159; x_wconf 88' lang='lat' dir='ltr'>et</span> <span class='ocrx_word' id='word_1_273' title='bbox 1208 2119 1352 2159; x_wconf 81' lang='lat' dir='ltr'>Sancti</span> <span class='ocrx_word' id='word_1_274' title='bbox 1375 2119 1556 2158; x_wconf 85' lang='lat' dir='ltr'>Martini</span> <span class='ocrx_word' id='word_1_275' title='bbox 1573 2119 1618 2158; x_wconf 91' lang='lat' dir='ltr'>in</span> <span class='ocrx_word' id='word_1_276' title='bbox 1639 2131 1763 2171; x_wconf 89' lang='lat' dir='ltr'>yeme</span> <span class='ocrx_word' id='word_1_277' title='bbox 1778 2130 1856 2170; x_wconf 87' lang='lat' dir='ltr'>per</span> 
     </span>
     <span class='ocr_line' id='line_1_32' title="bbox 321 2179 1855 2237; baseline -0.003 -14"><span class='ocrx_word' id='word_1_278' title='bbox 321 2184 504 2237; x_wconf 84' lang='lat' dir='ltr'>aequales</span> <span class='ocrx_word' id='word_1_279' title='bbox 526 2184 759 2236; x_wconf 86' lang='lat' dir='ltr'>porciones,</span> <span class='ocrx_word' id='word_1_280' title='bbox 783 2181 1028 2222; x_wconf 80' lang='lat' dir='ltr'>habendum</span> <span class='ocrx_word' id='word_1_281' title='bbox 1045 2185 1088 2222; x_wconf 80' lang='lat' dir='ltr'>et</span> <span class='ocrx_word' id='word_1_282' title='bbox 1104 2182 1341 2222; x_wconf 79' lang='lat' dir='ltr'>tenendum</span> <span class='ocrx_word' id='word_1_283' title='bbox 1356 2182 1610 2235; x_wconf 79' lang='lat' dir='ltr'>praedictum</span> <span class='ocrx_word' id='word_1_284' title='bbox 1625 2179 1855 2220; x_wconf 85' lang='lat' dir='ltr'>annualem</span> 
     </span>
     <span class='ocr_line' id='line_1_33' title="bbox 320 2243 1854 2299; baseline -0.003 -12"><span class='ocrx_word' id='word_1_285' title='bbox 320 2248 539 2287; x_wconf 88' lang='lat' dir='ltr'>redditum</span> <span class='ocrx_word' id='word_1_286' title='bbox 560 2247 747 2287; x_wconf 91' lang='lat' dir='ltr'>duorum</span> <span class='ocrx_word' id='word_1_287' title='bbox 765 2247 995 2286; x_wconf 89' lang='lat' dir='ltr'>solidorum</span> <span class='ocrx_word' id='word_1_288' title='bbox 1010 2246 1198 2299; x_wconf 81' lang='lat' dir='ltr'>praefatis</span> <span class='ocrx_word' id='word_1_289' title='bbox 1215 2243 1418 2294; x_wconf 86' lang='lat' dir='ltr'>Johanni,</span> <span class='ocrx_word' id='word_1_290' title='bbox 1431 2246 1458 2286; x_wconf 85' lang='lat' dir='ltr'><strong>J</strong></span> <span class='ocrx_word' id='word_1_291' title='bbox 1461 2244 1634 2294; x_wconf 82' lang='lat' dir='ltr'>ohanni,</span> <span class='ocrx_word' id='word_1_292' title='bbox 1651 2244 1854 2293; x_wconf 87' lang='lat' dir='ltr'>Roberto,</span> 
     </span>
     <span class='ocr_line' id='line_1_34' title="bbox 90 2308 1854 2361; baseline -0.002 -11"><span class='ocrx_word' id='word_1_293' title='bbox 90 2321 130 2351; x_wconf 86' lang='lat' dir='ltr'>fo.</span> <span class='ocrx_word' id='word_1_294' title='bbox 150 2322 203 2350; x_wconf 90' lang='lat'>103</span> <span class='ocrx_word' id='word_1_295' title='bbox 220 2330 244 2350; x_wconf 78' lang='lat' dir='ltr'>e.</span> <span class='ocrx_word' id='word_1_296' title='bbox 264 2331 288 2350; x_wconf 85' lang='lat' dir='ltr'>v.</span> <span class='ocrx_word' id='word_1_297' title='bbox 322 2312 348 2352; x_wconf 83' lang='lat' dir='ltr'><strong>J</strong></span> <span class='ocrx_word' id='word_1_298' title='bbox 353 2310 524 2360; x_wconf 88' lang='lat' dir='ltr'>ohanni,</span> <span class='ocrx_word' id='word_1_299' title='bbox 548 2313 592 2350; x_wconf 85' lang='lat' dir='ltr'>et</span> <span class='ocrx_word' id='word_1_300' title='bbox 619 2311 646 2350; x_wconf 87' lang='lat' dir='ltr'><strong>J</strong></span> <span class='ocrx_word' id='word_1_301' title='bbox 649 2310 776 2349; x_wconf 86' lang='lat' dir='ltr'>acobo</span> <span class='ocrx_word' id='word_1_302' title='bbox 807 2308 1040 2349; x_wconf 89' lang='lat' dir='ltr'>heredibus</span> <span class='ocrx_word' id='word_1_303' title='bbox 1073 2309 1176 2359; x_wconf 89' lang='lat' dir='ltr'>suis,</span> <span class='ocrx_word' id='word_1_304' title='bbox 1199 2312 1245 2348; x_wconf 84' lang='lat' dir='ltr'>et</span> <span class='ocrx_word' id='word_1_305' title='bbox 1277 2322 1424 2348; x_wconf 87' lang='lat' dir='ltr'>eorum</span> <span class='ocrx_word' id='word_1_306' title='bbox 1446 2308 1675 2361; x_wconf 82' lang='lat' dir='ltr'>assignatis</span> <span class='ocrx_word' id='word_1_307' title='bbox 1696 2308 1854 2360; x_wconf 88' lang='lat' dir='ltr'>imper-</span> 
     </span>
     <span class='ocr_line' id='line_1_35' title="bbox 92 2370 1855 2427; baseline -0.002 -14"><span class='ocrx_word' id='word_1_308' title='bbox 92 2384 245 2413; x_wconf 72' lang='lat' dir='ltr'>Powerto</span> <span class='ocrx_word' id='word_1_309' title='bbox 323 2377 518 2427; x_wconf 84' lang='lat' dir='ltr'>petuum,</span> <span class='ocrx_word' id='word_1_310' title='bbox 539 2373 592 2413; x_wconf 89' lang='lat' dir='ltr'>ad</span> <span class='ocrx_word' id='word_1_311' title='bbox 623 2373 831 2413; x_wconf 85' lang='lat' dir='ltr'>terminos</span> <span class='ocrx_word' id='word_1_312' title='bbox 863 2373 1101 2426; x_wconf 82' lang='lat' dir='ltr'>praedictOS‚</span> <span class='ocrx_word' id='word_1_313' title='bbox 1124 2386 1200 2425; x_wconf 86' lang='lat' dir='ltr'>per</span> <span class='ocrx_word' id='word_1_314' title='bbox 1228 2372 1411 2425; x_wconf 83' lang='lat' dir='ltr'>aequales</span> <span class='ocrx_word' id='word_1_315' title='bbox 1433 2372 1668 2424; x_wconf 86' lang='lat' dir='ltr'>porciones.</span> <span class='ocrx_word' id='word_1_316' title='bbox 1729 2371 1787 2410; x_wconf 87' lang='lat' dir='ltr'>Et</span> <span class='ocrx_word' id='word_1_317' title='bbox 1819 2370 1855 2409; x_wconf 88' lang='lat' dir='ltr'>si</span> 
     </span>
     <span class='ocr_line' id='line_1_36' title="bbox 91 2424 1856 2490; baseline -0.002 -13"><span class='ocrx_word' id='word_1_318' title='bbox 91 2424 233 2452; x_wconf 79' lang='lat' dir='ltr'>distrain.</span> <span class='ocrx_word' id='word_1_319' title='bbox 323 2438 545 2490; x_wconf 86' lang='lat' dir='ltr'>contingat</span> <span class='ocrx_word' id='word_1_320' title='bbox 566 2437 730 2476; x_wconf 83' lang='lat' dir='ltr'>dictum</span> <span class='ocrx_word' id='word_1_321' title='bbox 752 2436 981 2475; x_wconf 87' lang='lat' dir='ltr'>annualem</span> <span class='ocrx_word' id='word_1_322' title='bbox 1003 2436 1219 2476; x_wconf 86' lang='lat' dir='ltr'>redditum</span> <span class='ocrx_word' id='word_1_323' title='bbox 1241 2435 1422 2475; x_wconf 85' lang='lat' dir='ltr'>duorum</span> <span class='ocrx_word' id='word_1_324' title='bbox 1447 2435 1675 2474; x_wconf 85' lang='lat' dir='ltr'>solidorum</span> <span class='ocrx_word' id='word_1_325' title='bbox 1697 2448 1721 2474; x_wconf 86' lang='lat' dir='ltr'>a</span> <span class='ocrx_word' id='word_1_326' title='bbox 1742 2437 1856 2474; x_wconf 86' lang='lat' dir='ltr'>retro</span> 
     </span>
     <span class='ocr_line' id='line_1_37' title="bbox 325 2497 1857 2552; baseline -0.003 -12"><span class='ocrx_word' id='word_1_327' title='bbox 325 2514 416 2540; x_wconf 89' lang='lat' dir='ltr'>esse</span> <span class='ocrx_word' id='word_1_328' title='bbox 438 2501 482 2539; x_wconf 90' lang='lat' dir='ltr'>in</span> <span class='ocrx_word' id='word_1_329' title='bbox 506 2502 626 2552; x_wconf 75' lang='lat' dir='ltr'>parte</span> <span class='ocrx_word' id='word_1_330' title='bbox 649 2499 716 2538; x_wconf 89' lang='lat' dir='ltr'>vel</span> <span class='ocrx_word' id='word_1_331' title='bbox 738 2500 783 2538; x_wconf 92' lang='lat' dir='ltr'>in</span> <span class='ocrx_word' id='word_1_332' title='bbox 806 2503 898 2538; x_wconf 82' lang='lat' dir='ltr'>toto</span> <span class='ocrx_word' id='word_1_333' title='bbox 919 2499 971 2538; x_wconf 86' lang='lat' dir='ltr'>ad</span> <span class='ocrx_word' id='word_1_334' title='bbox 993 2499 1180 2552; x_wconf 84' lang='lat' dir='ltr'>aliquem</span> <span class='ocrx_word' id='word_1_335' title='bbox 1203 2499 1438 2539; x_wconf 84' lang='lat' dir='ltr'>terminum</span> <span class='ocrx_word' id='word_1_336' title='bbox 1460 2512 1543 2551; x_wconf 91' lang='lat' dir='ltr'>quo</span> <span class='ocrx_word' id='word_1_337' title='bbox 1567 2498 1669 2537; x_wconf 89' lang='lat' dir='ltr'>solvi</span> <span class='ocrx_word' id='word_1_338' title='bbox 1686 2497 1857 2546; x_wconf 86' lang='lat' dir='ltr'>debeat,</span> 
     </span>
     <span class='ocr_line' id='line_1_38' title="bbox 325 2560 1858 2616; baseline -0.003 -14"><span class='ocrx_word' id='word_1_339' title='bbox 325 2563 438 2616; x_wconf 89' lang='lat' dir='ltr'>quod</span> <span class='ocrx_word' id='word_1_340' title='bbox 480 2576 555 2615; x_wconf 88' lang='lat' dir='ltr'>per</span> <span class='ocrx_word' id='word_1_341' title='bbox 596 2563 753 2616; x_wconf 76' lang='lat' dir='ltr'>viginti</span> <span class='ocrx_word' id='word_1_342' title='bbox 794 2563 899 2612; x_wconf 84' lang='lat' dir='ltr'>dies,</span> <span class='ocrx_word' id='word_1_343' title='bbox 943 2563 977 2601; x_wconf 91' lang='lat' dir='ltr'>si</span> <span class='ocrx_word' id='word_1_344' title='bbox 1011 2567 1198 2615; x_wconf 84' lang='lat' dir='ltr'>petatur,</span> <span class='ocrx_word' id='word_1_345' title='bbox 1236 2562 1348 2615; x_wconf 90' lang='lat' dir='ltr'>quod</span> <span class='ocrx_word' id='word_1_346' title='bbox 1382 2565 1540 2601; x_wconf 82' lang='lat' dir='ltr'>extunc</span> <span class='ocrx_word' id='word_1_347' title='bbox 1580 2560 1690 2600; x_wconf 88' lang='lat' dir='ltr'>bene</span> <span class='ocrx_word' id='word_1_348' title='bbox 1731 2560 1858 2599; x_wconf 83' lang='lat' dir='ltr'>liceat</span> 
     </span>
     <span class='ocr_line' id='line_1_39' title="bbox 326 2621 1860 2680; baseline -0.003 -15"><span class='ocrx_word' id='word_1_349' title='bbox 326 2627 513 2680; x_wconf 71' lang='lat' dir='ltr'>praefatis</span> <span class='ocrx_word' id='word_1_350' title='bbox 535 2625 737 2675; x_wconf 83' lang='lat' dir='ltr'>Johanni‚</span> <span class='ocrx_word' id='word_1_351' title='bbox 769 2625 972 2675; x_wconf 79' lang='lat' dir='ltr'>Johanni‚</span> <span class='ocrx_word' id='word_1_352' title='bbox 1004 2626 1204 2676; x_wconf 84' lang='lat' dir='ltr'>Roberto‚</span> <span class='ocrx_word' id='word_1_353' title='bbox 1236 2624 1439 2675; x_wconf 84' lang='lat' dir='ltr'>Johanni,</span> <span class='ocrx_word' id='word_1_354' title='bbox 1463 2628 1507 2664; x_wconf 85' lang='lat' dir='ltr'>et</span> <span class='ocrx_word' id='word_1_355' title='bbox 1538 2623 1711 2673; x_wconf 77' lang='lat' dir='ltr'>Jacob0‚</span> <span class='ocrx_word' id='word_1_356' title='bbox 1731 2621 1860 2661; x_wconf 88' lang='lat' dir='ltr'>bere-</span> 
     </span>
    </p>
   </div>
   <div class='ocr_carea' id='block_1_8' title="bbox 327 2686 1860 2742">
    <p class='ocr_par' dir='ltr' id='par_1_23' title="bbox 327 2686 1860 2742">
     <span class='ocr_line' id='line_1_40' title="bbox 327 2686 1860 2742; baseline -0.003 -12"><span class='ocrx_word' id='word_1_357' title='bbox 327 2691 452 2730; x_wconf 88' lang='lat' dir='ltr'>dibus</span> <span class='ocrx_word' id='word_1_358' title='bbox 476 2693 519 2729; x_wconf 85' lang='lat' dir='ltr'>et</span> <span class='ocrx_word' id='word_1_359' title='bbox 541 2703 688 2729; x_wconf 86' lang='lat' dir='ltr'>eorum</span> <span class='ocrx_word' id='word_1_360' title='bbox 710 2690 938 2742; x_wconf 83' lang='lat' dir='ltr'>assignatis</span> <span class='ocrx_word' id='word_1_361' title='bbox 960 2690 1005 2728; x_wconf 90' lang='lat' dir='ltr'>in</span> <span class='ocrx_word' id='word_1_362' title='bbox 1036 2690 1238 2742; x_wconf 84' lang='lat' dir='ltr'>praedicto</span> <span class='ocrx_word' id='word_1_363' title='bbox 1269 2689 1504 2742; x_wconf 84' lang='lat' dir='ltr'>mesuagio,</span> <span class='ocrx_word' id='word_1_364' title='bbox 1525 2701 1625 2727; x_wconf 89' lang='lat' dir='ltr'>cum</span> <span class='ocrx_word' id='word_1_365' title='bbox 1657 2686 1860 2726; x_wconf 86' lang='lat' dir='ltr'>omnibus</span> 
     </span>
    </p>
   </div>
   <div class='ocr_carea' id='block_1_9' title="bbox 401 2804 1857 2854">
    <p class='ocr_par' dir='ltr' id='par_1_24' title="bbox 401 2804 1857 2854">
     <span class='ocr_line' id='line_1_41' title="bbox 401 2804 1857 2854; baseline -0.004 -12"><span class='ocrx_word' id='word_1_366' title='bbox 401 2810 456 2853; x_wconf 84' lang='lat'>(1)</span> <span class='ocrx_word' id='word_1_367' title='bbox 485 2809 555 2844; x_wconf 89' lang='lat' dir='ltr'>For</span> <span class='ocrx_word' id='word_1_368' title='bbox 581 2808 683 2842; x_wconf 81' lang='lat' dir='ltr'>other</span> <span class='ocrx_word' id='word_1_369' title='bbox 710 2812 841 2842; x_wconf 77' lang='lat' dir='ltr'>matter</span> <span class='ocrx_word' id='word_1_370' title='bbox 866 2808 1020 2854; x_wconf 83' lang='lat' dir='ltr'>relating</span> <span class='ocrx_word' id='word_1_371' title='bbox 1053 2812 1089 2842; x_wconf 89' lang='lat' dir='ltr'>to</span> <span class='ocrx_word' id='word_1_372' title='bbox 1123 2809 1185 2843; x_wconf 81' lang='lat' dir='ltr'>the</span> <span class='ocrx_word' id='word_1_373' title='bbox 1214 2809 1427 2854; x_wconf 81' lang='lat' dir='ltr'>Plumptons</span> <span class='ocrx_word' id='word_1_374' title='bbox 1458 2818 1514 2841; x_wconf 83' lang='lat' dir='ltr'>see</span> <span class='ocrx_word' id='word_1_375' title='bbox 1548 2806 1608 2840; x_wconf 80' lang='lat' dir='ltr'>the</span> <span class='ocrx_word' id='word_1_376' title='bbox 1642 2804 1857 2839; x_wconf 77' lang='lat' dir='ltr'>Dodsworth</span> 
     </span>
    </p>
   </div>
   <div class='ocr_carea' id='block_1_10' title="bbox 328 2858 1857 2957">
    <p class='ocr_par' dir='ltr' id='par_1_25' title="bbox 328 2858 1857 2957">
     <span class='ocr_line' id='line_1_42' title="bbox 328 2858 1857 2905; baseline -0.002 -13"><span class='ocrx_word' id='word_1_377' title='bbox 328 2860 543 2905; x_wconf 77' lang='lat' dir='ltr'>manuscript</span> <span class='ocrx_word' id='word_1_378' title='bbox 572 2861 649 2901; x_wconf 67' lang='lat' dir='ltr'>SS„</span> <span class='ocrx_word' id='word_1_379' title='bbox 667 2872 724 2905; x_wconf 83' lang='lat' dir='ltr'>pp.</span> <span class='ocrx_word' id='word_1_380' title='bbox 755 2862 812 2901; x_wconf 79' lang='lat'>522,</span> <span class='ocrx_word' id='word_1_381' title='bbox 838 2861 895 2901; x_wconf 76' lang='lat'>28,</span> <span class='ocrx_word' id='word_1_382' title='bbox 925 2861 982 2902; x_wconf 77' lang='grc'>32,</span> <span class='ocrx_word' id='word_1_383' title='bbox 1010 2861 1067 2903; x_wconf 84' lang='grc'>36,</span> <span class='ocrx_word' id='word_1_384' title='bbox 1094 2861 1151 2903; x_wconf 78' lang='lat'>40,</span> <span class='ocrx_word' id='word_1_385' title='bbox 1181 2861 1238 2902; x_wconf 77' lang='lat'>47,</span> <span class='ocrx_word' id='word_1_386' title='bbox 1268 2861 1324 2901; x_wconf 80' lang='lat'>51,</span> <span class='ocrx_word' id='word_1_387' title='bbox 1356 2859 1435 2901; x_wconf 85' lang='lat'>103,</span> <span class='ocrx_word' id='word_1_388' title='bbox 1461 2858 1531 2893; x_wconf 78' lang='lat' dir='ltr'>and</span> <span class='ocrx_word' id='word_1_389' title='bbox 1557 2858 1618 2892; x_wconf 79' lang='lat' dir='ltr'>the</span> <span class='ocrx_word' id='word_1_390' title='bbox 1636 2858 1777 2892; x_wconf 84' lang='lat' dir='ltr'>volume</span> <span class='ocrx_word' id='word_1_391' title='bbox 1803 2867 1857 2890; x_wconf 84' lang='lat' dir='ltr'>rc-</span> 
     </span>
     <span class='ocr_line' id='line_1_43' title="bbox 329 2912 878 2957; baseline 0.002 -12"><span class='ocrx_word' id='word_1_392' title='bbox 329 2912 442 2946; x_wconf 74' lang='lat' dir='ltr'>scrrcd</span> <span class='ocrx_word' id='word_1_393' title='bbox 462 2918 497 2946; x_wconf 80' lang='lat' dir='ltr'>to</span> <span class='ocrx_word' id='word_1_394' title='bbox 516 2912 636 2951; x_wconf 74' lang='lat' dir='ltr'>above,</span> <span class='ocrx_word' id='word_1_395' title='bbox 655 2924 686 2957; x_wconf 80' lang='lat' dir='ltr'>p.</span> <span class='ocrx_word' id='word_1_396' title='bbox 706 2914 766 2955; x_wconf 57' lang='lat'>53,</span> <span class='ocrx_word' id='word_1_397' title='bbox 784 2916 878 2946; x_wconf 77' lang='lat' dir='ltr'>note.</span> 
     </span>
    </p>
   </div>
  </div>
 </body>
</html>
