1935 3151
90 162 184 210 156

89 551 276 590 Chaplain’s

89 592 164 620 oath
188 599 242 620 not
257 594 289 621 to

89 630 224 660 alienate

90 673 248 709 property.

90 1066 233 1104 Repairs.

91 1130 258 1159 Residence

90 1170 153 1198 aud
169 1170 281 1200 dutieS.

90 1770 273 1808 Chaplain's

91 1811 196 1844 rights
211 1811 270 1839 sor-

90 1850 186 1879 fcited
203 1849 228 1878 if

92 1889 128 1917 he
143 1889 280 1919 alienate

91 1934 248 1966 property.

90 2091 263 2127 Tripartite

91 2131 266 2160 iudenture.

91 2284 178 2313 Seals
194 2288 226 2313 to

91 2325 132 2352 its
147 2325 265 2353 several

90 2372 158 2402 part
165 2373 188 2393 S.

97 2731 279 2761 witnesses.

803 180 1078 214 MEMORIALS
1113 181 1172 214 OF
1208 181 1366 214 RIPON.

321 290 457 331 forma
497 292 701 345 praedicta
733 293 933 331 canonice
970 293 1331 345 praesentandum.
1393 292 1496 332 Post
1527 292 1852 332 institucionem

320 369 420 395 vero
441 356 646 409 capellani
671 360 714 396 et
735 357 1034 395 induccionem
1055 357 1099 395 in
1121 356 1380 410 corporalem
1400 357 1707 409 possessionem
1728 357 1854 396 dictae

321 420 520 459 cantariae
535 433 609 472 per
623 420 789 459 dictum
805 420 1045 472 capitulum
1059 423 1110 459 ut
1122 421 1401 473 praemittitur
1414 419 1545 459 factas
1563 423 1607 459 et
1620 434 1853 470 concessas,

321 483 570 523 immediate
592 487 688 536 post
703 482 1003 536 juramentum
1026 484 1283 524 obedienciae
1304 484 1419 523 dicto
1441 483 1627 536 capitulo
1648 487 1855 536 praestan-

322 547 441 597 dum,
478 548 594 586 idem
629 547 874 600 capellanus
915 561 1014 586 cum
1055 548 1266 588 admissus
1308 547 1455 598 fuerit,
1491 548 1544 587 ad
1586 551 1731 587 sancta
1772 547 1853 587 Dei

322 610 544 665 evangelia
564 614 740 664 praestet
755 610 1055 664 juramentum
1075 612 1304 665 corporale,
1326 612 1439 665 quod
1460 611 1602 661 libros,
1624 611 1790 660 calices,
1808 616 1853 650 et

321 678 588 725 ornamenta,
609 678 759 725 terras,
781 675 991 726 redditus,
1013 678 1058 715 et
1078 679 1344 725 tenementa,
1365 676 1418 715 ad
1439 676 1598 714 dictam
1621 675 1854 714 cantariam

321 739 601 791 pertinencia,
642 739 812 793 integra
842 742 888 778 et
917 739 1063 789 illaesa,
1096 740 1187 779 sine
1219 740 1509 779 diminucione
1540 738 1697 791 aliqua,
1740 739 1856 778 salvo

321 802 535 842 custodiet
576 806 621 842 et
660 802 790 842 faciet
823 803 1043 853 custodiri,
1079 807 1123 843 et
1162 803 1348 843 fideliter
1381 803 1608 852 observari,
1645 806 1690 842 et
1721 801 1857 842 nichil

322 866 497 906 omnino
528 867 580 906 de
611 867 841 919 praemissis
872 867 1194 921 impignorabit,
1216 868 1388 917 vendet,
1410 866 1478 906 vel
1499 867 1551 905 ad
1573 866 1741 905 firmam
1762 880 1859 919 per-

321 934 498 983 petuam
548 931 756 981 dimittet,
800 944 875 970 seu
925 930 1008 970 alio
1059 945 1331 984 quocumque
1382 930 1514 970 titulo
1564 930 1633 969 vel
1683 930 1859 984 ingenio

320 994 540 1043 alienabit,
564 997 629 1033 set
656 995 860 1047 praedicta
891 999 1141 1035 ornamenta
1170 999 1214 1035 et
1244 995 1481 1049 mesuagia,
1503 995 1556 1034 ad
1578 995 1737 1048 dictam
1759 1008 1859 1034 can-

322 1058 475 1097 tariam
522 1058 776 1110 spectancia,
819 1059 1175 1112 quandocumque
1216 1058 1450 1098 refeccione
1491 1058 1771 1112 indiguerint,
1809 1072 1859 1097 ea

323 1123 410 1162 suis
434 1122 677 1175 sumptibus
698 1123 926 1175 reparabit,
949 1136 1024 1162 seu
1045 1123 1174 1162 faciet
1196 1123 1456 1162 sufficienter
1476 1122 1675 1174 reparari.
1708 1121 1858 1175 Capel-

322 1185 446 1225 lanus
489 1186 624 1225 eciam
665 1186 826 1225 dictam
866 1184 1029 1225 habens
1069 1187 1304 1226 cantariam
1338 1186 1383 1224 in
1420 1186 1535 1225 dicta
1568 1185 1668 1224 villa
1704 1185 1857 1238 Ripon'

321 1250 601 1303 personaliter
621 1249 841 1300 residebit,
865 1254 908 1290 et
931 1250 1112 1304 singulis
1134 1251 1299 1300 diebus,
1320 1250 1633 1302 impedimento
1663 1255 1856 1289 cessante

320 1314 531 1368 legitimo,
553 1314 728 1353 missam
750 1328 824 1367 pro
849 1315 1008 1355 salubri
1032 1318 1148 1354 statu
1179 1328 1275 1354 meo
1306 1315 1410 1354 dum
1433 1315 1588 1364 vixero,
1611 1318 1655 1353 et
1675 1314 1856 1353 aliorum

322 1378 644 1418 benefactorum
673 1378 799 1418 dictae
836 1379 1048 1428 cantariae,
1086 1382 1131 1418 et
1161 1392 1238 1432 pro
1273 1378 1497 1418 animabus
1534 1379 1857 1432 progenitorum

321 1456 531 1491 meorum,
563 1446 608 1482 et
648 1457 723 1495 pro
755 1443 900 1482 anima
932 1456 1027 1483 mea
1059 1457 1159 1482 cum
1194 1442 1247 1482 ab
1280 1441 1359 1482 hac
1392 1442 1486 1482 luce
1523 1443 1777 1496 migravero,
1814 1446 1860 1483 et

322 1506 546 1546 animabus
579 1505 799 1546 haeredum
834 1510 880 1546 et
914 1520 1205 1546 successorum
1236 1520 1430 1546 meorum
1464 1520 1562 1545 cum
1592 1507 1859 1546 oracionibus

322 1570 668 1623 competentibus
691 1570 939 1620 celebrabit,
962 1584 1009 1609 ac
1024 1571 1211 1609 officium
1226 1574 1493 1609 mortuorum
1512 1570 1694 1624 singulis
1706 1571 1859 1610 diebus

322 1633 487 1673 feriatis
510 1634 679 1687 quando
701 1634 932 1673 dicendum
955 1634 1101 1685 fuerit,
1124 1635 1238 1673 dicat
1260 1638 1304 1674 et
1325 1634 1466 1684 faciat,
1488 1648 1587 1673 cum
1609 1633 1790 1674 Placebo
1814 1638 1859 1674 et

322 1696 479 1750 Dirisse
501 1703 546 1738 et
569 1697 969 1749 Commendacione,
988 1702 1032 1738 et
1050 1698 1326 1739 Oracionibus
1343 1698 1698 1738 convenientibus
1715 1699 1760 1737 in
1777 1697 1857 1737 hoc

323 1776 435 1802 casu.
500 1762 544 1802 Si
578 1776 677 1801 vero
718 1763 859 1802 dictus
902 1763 1146 1815 capellanus
1188 1763 1350 1816 aliquid
1390 1763 1443 1802 de
1485 1763 1610 1802 dictis
1651 1762 1769 1801 libris
1811 1766 1856 1802 et

325 1826 601 1876 ornamentis,
623 1826 761 1876 terris,
783 1826 1039 1876 redditibus,
1073 1841 1148 1866 seu
1179 1826 1529 1880 possessionibus,
1555 1827 1856 1880 impignorare,

324 1890 523 1939 vendere,
547 1904 621 1929 seu
643 1891 792 1943 quovis
814 1890 897 1929 alio
919 1904 1190 1944 quocumque
1221 1891 1352 1930 titulo
1374 1890 1441 1930 vel
1463 1891 1648 1943 ingeniO,
1671 1890 1856 1929 alienare

323 1955 643 2008 praesumpserit
663 1959 810 1994 contra
831 1955 1145 1994 ordinacionem
1168 1969 1308 1994 meam
1332 1955 1631 2008 supradictam,
1654 1954 1858 2007 quicquid

322 2019 368 2057 in
399 2017 477 2057 hac
508 2022 628 2071 parte
661 2022 973 2071 praesumptum
1004 2018 1151 2068 fuerit,
1174 2019 1347 2058 irritum
1380 2017 1587 2058 habeatur
1608 2019 1782 2071 penitus
1814 2021 1859 2057 et

322 2082 464 2132 inane,
497 2086 542 2121 et
574 2083 692 2122 omni
727 2087 868 2122 careat
904 2083 1052 2122 robore
1078 2083 1310 2122 firmitatis.
1371 2083 1423 2122 In
1453 2096 1635 2135 quorum
1664 2082 1859 2121 omnium

324 2146 709 2198 suprascriptorum
731 2146 1030 2185 testimonium
1052 2147 1163 2199 parti
1185 2145 1314 2199 hujus
1335 2150 1460 2186 cartae
1482 2146 1707 2199 tripartitae
1729 2159 1860 2198 penes

323 2210 577 2262 praedictum
609 2210 832 2248 dominum
856 2209 1094 2249 Henricum
1126 2213 1171 2249 et
1203 2223 1462 2249 successores
1495 2223 1591 2249 suos
1620 2209 1859 2262 capellanos

323 2274 565 2313 remanenti
608 2274 800 2328 sigillum
842 2287 989 2313 meum
1034 2287 1118 2313 una
1158 2287 1258 2312 cum
1302 2273 1442 2326 sigillo
1483 2274 1661 2326 capituli
1704 2267 1858 2326 Ripon’

323 2338 514 2390 praedicti
549 2341 616 2377 est
651 2351 905 2391 appensum,
940 2340 985 2377 et
1017 2337 1141 2377 alteri
1174 2337 1294 2390 parti⁴
1320 2350 1451 2390 penes
1485 2351 1554 2376 me
1589 2341 1634 2376 et
1666 2336 1855 2376 haeredes

323 2414 440 2439 meos
481 2414 739 2441 remansuras
782 2401 972 2455 sigillum
1006 2401 1111 2441 dicti
1147 2400 1322 2453 capituli
1357 2404 1402 2440 et
1436 2401 1627 2455 sigillum
1664 2400 1856 2454 praedicti

323 2464 485 2503 domini
518 2464 695 2504 Henrici
727 2479 802 2517 pro
834 2479 877 2505 se
909 2469 953 2505 et
984 2465 1294 2505 successoribus
1327 2465 1413 2504 suis
1447 2468 1548 2504 sunt
1577 2478 1779 2517 appensa,
1812 2467 1857 2503 et

323 2528 467 2567 terciae
510 2528 621 2580 parti
659 2542 790 2581 penes
833 2529 1087 2582 praedictum
1119 2528 1355 2581 capitulum
1397 2529 1635 2567 remanenti
1666 2527 1858 2581 sigillum

325 2605 471 2630 mcum
522 2606 597 2644 pro
648 2606 717 2632 me
769 2596 813 2632 et
865 2592 1104 2633 haeredibus
1156 2593 1276 2642 meis,
1328 2595 1370 2631 et
1424 2592 1612 2645 sigillum
1666 2591 1859 2644 praedicti

326 2655 489 2694 domini
533 2655 709 2695 Henrici
751 2670 827 2708 pro
869 2670 911 2696 se
955 2660 1000 2696 et
1042 2655 1354 2696 successoribus
1389 2657 1475 2695 suis
1518 2660 1620 2695 sunt
1660 2668 1860 2708 appensa.

329 2718 427 2757 Hiis
461 2719 664 2768 testibus,
697 2719 882 2759 dominis
919 2719 1083 2759 Thoma
1118 2721 1171 2759 de
1204 2719 1389 2769 Bourne,
1421 2719 1595 2758 domino
1625 2719 1677 2758 de
1711 2717 1862 2758 Stode-

327 2781 410 2833 lay,
454 2782 624 2821 Andrea
674 2782 726 2822 de
779 2782 1085 2836 Merkyngfeld
1127 2787 1172 2822 et
1223 2783 1403 2822 Ricardo
1453 2782 1505 2821 de
1544 2780 1861 2835 Goldesburgh,

328 2845 556 2895 militibus,
580 2846 764 2898 Symone
787 2846 957 2896 wan-dv,
990 2845 1185 2886 ,Iohanne
1219 2846 1271 2885 (16
1299 2844 1587 2895 Cloutherom,
1612 2846 1777 2899 R-ogcro
1808 2844 1859 2883 de
