1915 3068
40 625 50 639 ⁶
64 622 169 652 Frisca

41 663 157 691 forcia!

41 757 50 770 ‘
62 755 208 783 Vetitum

39 793 201 823 namium!

39 879 106 909 The
122 880 228 917 king's

38 919 150 948 sheriff
160 921 215 949 not

39 962 72 986 to
86 963 174 987 enter

40 996 142 1034 Ripon
158 1006 193 1027 or

39 1037 205 1076 Beverley.

36 1713 104 1742 Tho
119 1713 237 1742 banlieu

37 1755 71 1781 at
87 1753 177 1782 Mile-

37 1801 121 1821 cross
137 1793 163 1821 is
185 1792 237 1821 the

36 1831 123 1860 limit
137 1831 172 1860 of

37 1871 92 1899 the
108 1871 196 1899 arch-

37 1909 174 1947 bishop's

36 1949 156 1977 secular
165 1949 219 1986 ju-

37 1988 206 2018 tisdjction.

35 2414 102 2443 'sne
117 2415 205 2443 aroh-

37 2454 174 2491 bishop's

31 2493 146 2530 judges
161 2497 193 2522 to

35 2532 79 2559 sit
94 2532 170 2561 with

36 2571 124 2599 those
139 2573 173 2599 os

37 2610 91 2639 the
106 2610 193 2649 king.

755 184 1030 217 MEMORIALS
1066 183 1124 216 OF
1159 183 1316 216 RII‘ON.

274 300 319 336 et
354 295 543 349 appellet
574 295 649 346 ibi,
681 300 762 336 etc.
795 299 840 335 et
867 295 1106 349 appellatus
1133 308 1220 335 non
1247 295 1430 345 venerit,
1458 298 1540 335 etc.
1575 296 1804 335 sect-atores

274 360 507 400 comitatus
542 364 640 413 post
672 363 929 400 consuetum
961 372 1193 399 numerum
1234 359 1522 399 comitatuum
1554 356 1804 412 hujusmodi

274 424 540 477 appellatum
572 424 789 478 utlegant.
851 424 909 463 Et
941 423 978 463 si
1009 423 1248 476 comparuit
1282 426 1383 463 ante
1419 422 1690 477 utlagariam‚
1721 425 1803 463 etc.

274 486 421 527 balh‘vi
442 486 760 540 Archiepiscopi
781 485 1003 527 habebunt
1015 490 1152 526 totam
1165 487 1459 541 cognicionem
1475 487 1521 525 in
1534 486 1651 526 curia
1666 486 1802 539 ipsius

275 549 609 604 Archiepiscopi,
631 554 713 591 etc.
776 550 944 591 Clamat
965 551 1100 590 eciam
1125 550 1178 590 ab
1206 551 1384 604 antiquo
1411 550 1613 603 placitare
1645 549 1804 603 placita

276 615 329 655 de
360 614 485 655 frisca
518 614 646 654 forcia
675 614 728 655 de
754 615 1010 655 tenentibus
1037 614 1148 654 infra
1172 614 1434 665 libertatem,
1457 617 1539 655 etc.
1562 614 1597 654 si
1617 627 1802 667 querens

277 681 481 731 sequatur
512 678 624 718 infra
655 679 939 732 quadraginta
969 678 1061 718 dies
1090 692 1115 717 a
1144 682 1338 731 tempore
1369 677 1540 732 injuriae
1561 678 1643 718 sibi
1664 677 1802 728 factae,

276 746 358 782 etc.
421 742 587 783 Clamat
608 743 744 782 eciam
766 742 818 782 ab
839 743 1019 795 antiquo
1038 742 1241 795 placitare
1263 742 1407 782 omnia
1418 742 1576 795 placita
1596 741 1650 781 de
1666 741 1803 781 vetito

274 806 419 846 namio
456 809 501 846 et
533 807 677 846 omnia
713 806 796 846 alia
830 806 992 859 placita
1031 820 1126 859 quae
1159 806 1212 846 ad
1248 806 1546 846 vicecomitem
1581 805 1802 859 pertinent

273 870 516 923 placitanda
537 871 583 910 111
604 870 722 910 curia
741 870 954 910 libertatis
975 884 1061 910 suae
1081 871 1126 909 in
1140 874 1322 923 utraque
1336 870 1450 909 villa.
1491 868 1656 910 Clamat
1667 869 1802 908 eciam

273 934 326 974 ab
357 935 536 988 antiquo
563 934 677 987 quod
698 947 778 974 nec
799 935 1035 974 vicecomes
1062 947 1142 973 nec
1168 933 1277 973 alius
1307 934 1487 973 ballivus
1510 933 1643 987 Regis
1665 933 1803 972 intret

273 998 395 1038 villas
417 999 641 1051 praedictas
654 998 708 1038 ad
721 998 896 1051 aliquod
913 998 1100 1038 officium
1115 997 1411 1047 exercendum,
1425 998 1508 1037 nisi
1524 997 1570 1036 in
1583 996 1801 1037 defectum

271 1061 526 1102 ballivorum
557 1063 693 1115 ipsius
723 1061 1043 1115 Archiepiscopi
1073 1075 1149 1115 per
1179 1061 1308 1102 breve
1339 1061 1503 1101 domini
1534 1061 1666 1114 Regis
1687 1059 1802 1113 quod

271 1129 446 1165 vocatur
468 1129 480 1148 ⁶
495 1126 592 1166 Non
620 1126 798 1165 omittas
826 1130 1000 1179 propter
1025 1125 1299 1176 libertatem,'
1327 1128 1409 1166 etc.
1471 1124 1638 1169 Clamat
1665 1125 1801 1164 eciam

270 1189 323 1229 ab
344 1190 523 1243 antiquo
543 1190 746 1243 placitare
768 1190 813 1229 in
836 1191 953 1229 curia
973 1190 1185 1229 libertatis
1215 1203 1301 1229 suae
1326 1190 1372 1229 in
1399 1192 1582 1242 utraque
1603 1188 1704 1228 villa
1724 1202 1801 1241 per

264 1252 527 1306 justiciarios
551 1267 649 1294 suos
669 1254 861 1307 proprios
890 1254 936 1293 in
966 1254 1168 1307 praesenti
1199 1254 1330 1293 unius
1360 1253 1427 1293 vel
1458 1253 1641 1293 duorum
1667 1251 1801 1307 justi-

270 1318 435 1357 ciorum
456 1318 622 1358 domini
642 1319 756 1372 regis
776 1318 920 1358 omnia
940 1318 1100 1371 placita
1131 1321 1221 1357 tam
1251 1331 1414 1357 coronae
1435 1331 1564 1371 quam
1584 1317 1667 1356 alia
1686 1315 1800 1356 infra

269 1382 518 1422 libertatem
541 1396 662 1422 suam
682 1383 931 1435 praedictam
952 1383 1222 1436 emergencia
1244 1382 1323 1422 sub
1343 1381 1422 1421 hac
1435 1382 1583 1430 forma,
1597 1382 1801 1421 videlicet

271 1445 385 1498 quod
406 1447 797 1499 quocienscumque
813 1446 1045 1499 justiciarii
1076 1447 1282 1500 assignati
1305 1446 1502 1485 venerint
1523 1446 1569 1484 in
1590 1446 1799 1485 comitatu

269 1509 354 1549 isto
384 1510 437 1550 ad
459 1511 611 1550 assisas
644 1510 886 1563 capiendas,
907 1513 989 1549 etc.
1022 1519 1067 1549 et
1098 1509 1240 1563 aliqua
1270 1511 1401 1549 assisa
1420 1509 1551 1549 fuerit
1571 1509 1801 1549 arrainiata

271 1587 411 1614 coram
434 1575 494 1615 eis
517 1575 570 1614 de
592 1576 735 1628 a'iquo
756 1577 1008 1614 tenemento
1030 1575 1076 1614 in
1103 1574 1307 1614 libertate
1330 1588 1407 1614 sua
1436 1574 1652 1627 praedicta,
1668 1573 1800 1628 justi-

273 1638 392 1678 ciarii
414 1639 479 1678 illi
500 1639 707 1692 assignati
738 1638 806 1678 vel
836 1638 990 1691 aliquis
1023 1652 1171 1678 eorum
1202 1652 1277 1691 pro
1298 1639 1522 1678 voluntate
1545 1651 1619 1678 sua
1640 1638 1708 1677 cui
1730 1637 1799 1678 vel

274 1701 430 1754 quibus
462 1703 697 1742 vicecomes
730 1702 977 1742 liberaverit
1009 1702 1153 1742 brevia
1185 1702 1259 1741 illa
1289 1703 1467 1742 venient
1494 1702 1547 1741 ad
1572 1701 1800 1742 banlucam

274 1765 488 1805 libertatis
503 1767 617 1819 apud
635 1766 862 1820 Mylecros,
881 1769 925 1805 et
941 1766 1002 1805 ibi
1019 1766 1264 1806 liberabunt
1275 1766 1424 1820 justic.
1441 1765 1637 1819 Archiep.
1655 1765 1799 1806 brevia

273 1829 364 1879 illa,
386 1833 431 1870 et
446 1829 677 1884 justiciarii
699 1829 899 1883 Archiep‚
920 1830 966 1869 in
988 1831 1217 1882 praesencia
1232 1829 1380 1884 justic.
1397 1831 1712 1884 assignatorum
1729 1830 1799 1869 vel

274 1894 404 1933 unius
427 1907 588 1944 eorum,
611 1897 692 1934 etc.
715 1893 984 1946 placitabunt
1005 1896 1048 1933 et
1069 1893 1229 1933 facient
1250 1894 1443 1947 partibus
1459 1893 1697 1947 justiciam,
1715 1897 1798 1934 etc.

274 1962 319 1997 et
335 1957 565 2011 justiciarii
586 1959 794 2013 assignati
815 1972 899 1998 non
926 1957 1148 1998 habebunt
1178 1958 1240 1998 ibi
1270 1958 1431 1998 rotulos
1452 1972 1530 1997 nec
1552 1958 1714 2011 aliquid
1736 1958 1799 1997 ibi

274 2021 435 2062 facient
455 2023 539 2061 nisi
560 2026 734 2062 tantum
756 2022 870 2075 quod
893 2022 1105 2062 sedebunt
1126 2036 1212 2061 una
1237 2036 1335 2062 cum
1355 2021 1503 2076 justic.
1526 2021 1722 2075 Archiep.
1744 2022 1798 2061 ad

272 2086 536 2125 audiendum
568 2089 613 2125 et
644 2086 966 2125 testificandum
998 2086 1111 2138 quod
1137 2086 1330 2138 partibus
1356 2086 1406 2126 fit
1431 2085 1623 2139 justicia,
1644 2089 1725 2125 etc.
1753 2090 1799 2125 et

271 2148 417 2188 brevia
437 2153 479 2189 et
503 2149 631 2189 rotuli
654 2150 822 2203 integre
844 2149 1128 2189 remanebunt
1148 2163 1281 2202 penes
1301 2148 1693 2202 Archiepiscopum,
1715 2152 1798 2189 etc.

273 2213 330 2252 Et,
347 2227 445 2252 cuin
462 2212 693 2267 justiciarii
715 2213 971 2252 itinerantes
992 2213 1190 2252 venerint
1210 2214 1254 2252 111
1277 2214 1484 2253 comitatu
1500 2214 1596 2262 isto,
1614 2216 1695 2252 etc.
1713 2213 1799 2253 duo

276 2276 340 2316 vel
363 2290 476 2316 unus
498 2291 644 2317 eorum
666 2291 742 2330 pro
763 2277 985 2317 voluntate
1019 2290 1095 2316 sua
1126 2277 1229 2316 dum
1262 2277 1345 2316 iter
1376 2276 1445 2316 hic
1469 2277 1596 2316 durat
1622 2277 1798 2316 venient

273 2342 325 2380 ad
359 2342 608 2394 praedictam
638 2355 823 2382 crucem.
885 2342 942 2380 Et,
966 2341 1105 2394 primo
1133 2341 1217 2391 die,
1239 2355 1338 2380 cum
1360 2342 1420 2380 ibi
1442 2341 1654 2391 venerint,
1678 2340 1798 2380 sede-

273 2403 385 2444 bunt
401 2408 519 2444 extra
536 2418 720 2455 crucem,
738 2408 818 2444 etc.
870 2405 926 2444 Et
942 2404 1172 2458 justiciarii
1194 2405 1327 2457 ipsius
1344 2403 1659 2458 Archiepiscopi
1678 2404 1798 2444 sede-

272 2467 383 2507 bunt
405 2482 503 2508 cuin
527 2469 602 2518 eis,
620 2472 702 2508 etc.
750 2469 807 2508 Et
824 2467 915 2521 (xix
932 2467 978 2523 v)
996 2468 1192 2508 liberabit
1204 2468 1469 2522 justiciarius
1486 2469 1648 2507 domini
1666 2468 1798 2521 Regis

271 2545 413 2571 omnia
423 2532 567 2572 brevia
580 2532 742 2572 domini
759 2533 890 2585 Regis
903 2533 1116 2572 arraniata
1129 2532 1180 2571 ad
1191 2533 1372 2585 primam
1385 2532 1560 2571 assisam
1570 2532 1799 2585 tangencia

271 2595 515 2635 libertatem
531 2597 793 2649 praedictam.
826 2596 882 2635 Et
895 2596 1072 2635 clericus
1087 2596 1250 2636 domini
1266 2596 1395 2649 Regis
1410 2595 1476 2635 vel
1493 2595 1603 2635 alius
1619 2595 1798 2634 clericus

270 2659 344 2711 qui
367 2660 608 2700 custodiam
641 2660 836 2699 brevium
868 2664 1185 2699 retornatorum
1217 2660 1270 2700 de
1300 2660 1443 2699 Banco
1473 2658 1686 2709 habuerit,
1714 2663 1797 2699 etc.

271 2723 470 2763 similiter
483 2723 683 2763 liberabit.
697 2723 839 2762 omnia
847 2722 990 2762 brevia
1005 2723 1078 2762 illa
1092 2737 1185 2776 quae
1200 2723 1444 2763 libertatem
1462 2722 1578 2761 illam
1596 2725 1799 2775 tangunt-0

263 2785 516 2837 justiciariis
534 2788 696 2826 domini
720 2787 862 2840 Regis,
881 2791 962 2826 etc.
1001 2788 1057 2826 Et
1072 2786 1301 2839 justiciarii
1319 2787 1479 2826 domini
1496 2786 1625 2839 Regis
1642 2786 1797 2825 libera-

271 2849 372 2888 bunt
394 2852 533 2889 onmia
550 2851 693 2890 brevia
710 2850 1041 2903 illajusticiariis
1056 2849 1587 2904 Archiepiscopi,unacum
1605 2850 1795 2889 articulis

270 2912 457 2962 Coronae,
479 2928 577 2953 cuin
601 2915 801 2953 omnibus
829 2914 1122 2953 addicionibus
1146 2915 1245 2963 suis,
1269 2915 1373 2954 adeo
1405 2915 1571 2967 integre
1605 2914 1713 2953 sicut
1747 2914 1792 2953 in
