1915 3068
426 158 658 192 EXCERPTS
693 157 822 190 FROM
859 158 1162 200 CIIRONICLES,
1201 158 1295 190 E'rc.

89 269 376 324 magisterque
408 268 683 310 Aluhfrithus
716 271 939 311 venientes
971 269 1089 310 vobis
1130 269 1332 319 dixerint,
1363 268 1490 308 illum
1522 281 1616 307 sus-

87 334 233 386 cipite,
274 338 318 374 et
359 334 560 374 abbatem
601 335 880 383 constituite;
933 338 977 375 et
1022 333 1314 374 obedientiam
1357 346 1485 385 quam
1529 332 1619 372 Deo

87 396 279 451 mihique
331 399 602 452 promisistis,
655 403 699 438 et
749 397 834 438 huc
886 411 1022 451 usque
1074 397 1330 451 perfecistiS,
1382 396 1618 436 seeundum

87 466 348 514 praeceptum
371 476 516 502 meum
539 462 604 502 1111
626 462 823 502 reddite.'

173 525 496 576 Geniculantes,
533 526 917 579 lacrymantesque,
949 525 1156 565 inclinato
1187 525 1327 578 capite
1359 525 1404 563 in
1444 527 1617 574 terram,

87 590 230 629 omnia
252 594 462 643 praecepta
483 590 576 644 ejus
597 590 832 644 adimplere
854 591 1144 644 promiserunt
1163 604 1172 638 ;
1206 589 1413 642 pronique
1435 592 1618 637 orantes,

88 656 258 692 sanctus
279 654 472 706 pontifex
494 658 640 694 noster
661 653 885 694 benedixit
906 667 990 704 eos,
1013 656 1058 693 et
1089 653 1274 692 Domino
1287 652 1618 703 commendavit,

87 721 132 756 et
153 716 207 756 ab
229 730 278 757 eo
298 717 368 757 die
391 718 504 757 ultra
525 717 676 758 faciem
699 717 792 771 ejus
815 717 943 758 simul
965 731 1051 757 non
1075 717 1292 757 viderunt.

174 780 294 834 (Cap.
313 781 435 835 lxiv.)
466 781 653 835 Pergens
675 782 810 835 igitur
832 787 1006 821 sanctus
1020 780 1213 834 pontifex
1230 783 1374 820 noster
1396 793 1494 819 cum
1516 793 1617 833 pace

86 847 131 884 et
172 844 472 884 benedictione
505 846 714 895 omnium,
756 849 846 884 tam
888 846 1133 898 principum
1174 858 1305 898 quam
1347 844 1617 884 subditorum

86 908 592 959 Ultra-Humbrensium,
641 909 695 949 ad
747 910 951 949 australia
1011 922 1142 963 regna
1192 907 1409 948 tetendit:
1467 908 1616 961 ibique

84 972 259 1012 abbates
283 986 380 1012 suos
401 986 549 1012 omnes
580 973 626 1012 in
657 973 848 1013 adventu
880 973 974 1026 ejus
1004 973 1244 1027 gaudentes
1275 973 1459 1012 invenit.
1520 972 1617 1012 Illic

85 1037 202 1076 enim
233 1036 488 1089 quibusdam
520 1037 767 1089 supradicta
797 1040 1060 1077 testamenta
1092 1050 1143 1076 ex
1174 1037 1324 1077 ordine
1346 1036 1550 1085 narravit,
1572 1040 1618 1076 et

84 1102 317 1154 unicuique
352 1115 499 1141 eorum
537 1101 773 1141 secundum
808 1116 928 1141 suam
961 1115 1219 1151 mensuram,
1247 1105 1323 1141 aut
1358 1115 1457 1141 cum
1489 1102 1616 1140 terris

85 1166 218 1204 vitam
239 1163 543 1204 monachorum
565 1179 738 1205 suorum
754 1167 1066 1219 augmentavit,
1081 1170 1157 1205 aut
1178 1179 1276 1205 cum
1294 1165 1475 1218 pecunia
1491 1165 1618 1205 corda

83 1243 230 1269 eorum
271 1229 520 1279 laetificavit,
553 1230 672 1282 quasi
702 1228 937 1283 propheti-oe
971 1230 1126 1282 spiritu
1157 1234 1257 1269 ante
1289 1229 1456 1269 obitum
1489 1242 1614 1268 suum

83 1292 380 1333 haereditatem
401 1292 642 1333 haeredibus
664 1293 936 1347 dispertiens.
988 1294 1210 1333 Postremo
1231 1293 1283 1333 ad
1306 1293 1614 1333 monasterium

83 1357 176 1410 ejus
217 1357 331 1410 quod
373 1357 433 1408 in·
464 1357 681 1396 Undolum
723 1358 912 1410 positum
954 1360 1035 1407 est,
1077 1357 1122 1396 in
1163 1370 1248 1410 quo
1289 1357 1392 1396 olim
1433 1357 1614 1396 Andreae

81 1421 275 1475 Apostoli
317 1421 533 1461 dedicavit
575 1421 812 1471 ecclesiam,
853 1426 1147 1474 pervenerunt
1162 1436 1173 1470 3
1209 1422 1358 1474 ibique
1400 1421 1549 1461 statim
1590 1434 1615 1460 a

81 1485 286 1539 languore
309 1485 575 1524 infirmitatis
606 1490 929 1539 coangustatus,
960 1486 1023 1525 ita
1053 1488 1104 1525 ut
1135 1485 1402 1539 intelligeret
1423 1486 1613 1528 vicinum

82 1550 164 1590 sibi
187 1563 277 1589 esse
299 1549 430 1589 finem
456 1548 586 1602 hujus
613 1551 739 1598 vitae3
773 1554 817 1589 et
847 1550 994 1603 paucis
1026 1549 1167 1589 verbis
1198 1550 1424 1590 admonuit
1455 1563 1539 1602 eos,
1562 1553 1613 1589 ut

80 1626 289 1653 memores
311 1617 457 1653 essent
478 1614 674 1653 omnium
696 1614 906 1653 bonorum
927 1627 1022 1666 quae
1044 1617 1144 1653 ante
1167 1613 1335 1653 locutus
1358 1617 1437 1654 est.
1499 1613 1611 1652 Nam

80 1691 253 1717 omnem
275 1678 375 1717 vitae
399 1691 485 1717 suae
506 1679 874 1717 conversationem
905 1677 1218 1718 memorialiter
1245 1678 1364 1730 prius
1396 1678 1612 1717 enarravit

80 1741 334 1795 presbytero
374 1740 624 1792 Tatberhto,
665 1742 868 1782 videlicet
908 1743 1148 1795 propinquo
1191 1756 1281 1792 suo,
1314 1741 1498 1795 quadam
1538 1741 1611 1781 die

81 1805 380 1858 equitantibus
418 1805 505 1845 illis
537 1819 613 1858 per
647 1806 789 1855 viam,¹
825 1807 947 1859 quasi
988 1806 1217 1858 praesciens
1258 1805 1426 1845 obitum
1469 1819 1610 1856 suum,

79 1882 245 1909 necnon
280 1870 525 1909 recordatus
568 1873 634 1909 est
670 1883 818 1909 omnes
859 1874 994 1909 terras
1034 1870 1081 1908 in
1122 1870 1302 1909 diversis
1343 1869 1463 1919 locis,
1505 1882 1610 1922 quas

77 1933 303 1973 abbatibus
325 1938 426 1973 ante
449 1933 639 1983 dederat,
656 1938 729 1973 aut
754 1939 858 1973 tunc
880 1934 981 1973 dare
996 1933 1156 1986 jussit3
1188 1938 1235 1973 ut
1260 1938 1349 1973 erat
1368 1933 1609 1973 coenobium

76 1997 123 2036 in
155 1997 528 2051 Hegustaldesiae,
551 1998 664 2050 quod
686 1999 824 2037 Accan
856 1998 1119 2050 presbytero,
1151 1998 1226 2051 qui
1259 2002 1353 2050 post
1386 2011 1487 2036 eum
1518 2002 1608 2037 erat

76 2060 212 2100 beatae
248 2062 465 2100 memoriae
506 2061 648 2114 gratia
679 2061 760 2101 Dei
794 2062 1033 2114 episcopus,
1064 2062 1111 2100 in
1153 2062 1468 2114 possessionem
1509 2061 1608 2100 dare

76 2125 293 2178 praecepit.
345 2125 579 2178 Postquam
620 2139 754 2178 pauca
786 2125 954 2165 locutus
992 2130 1074 2175 est,
1115 2125 1337 2165 benedixit
1369 2138 1455 2174 eOS,
1499 2125 1609 2164 sicut

77 2188 210 2229 Jacob
231 2188 453 2228 benedixit
474 2188 584 2228 filios
608 2203 732 2229 suos:
768 2193 809 2228 et
834 2203 934 2229 cum
956 2190 1119 2242 quiete,
1142 2203 1229 2229 non
1252 2202 1350 2228 cum
1372 2188 1542 2243 gemitu
1565 2193 1611 2228 et

77 2266 311 2303 murmure,
351 2257 481 2306 caput
521 2253 574 2292 ad
606 2253 785 2293 cervical
826 2253 975 2293 lectuli
1017 2254 1256 2303 inclinavit,
1298 2256 1343 2293 et
1383 2253 1610 2305 requievit.

150 2339 208 2385 (l)
235 2340 244 2358 ⁴
256 2339 333 2373 Iter
348 2351 432 2384 ergo
451 2339 621 2385 arripiens
638 2339 845 2373 Humbrum
863 2339 1182 2384 transitJ—Ripon
1200 2339 1350 2382 Psalter,
1367 2339 1428 2372 410
1442 2338 1500 2372 die
1516 2337 1611 2372 infra

81 2391 160 2426 Oct.
187 2392 268 2426 lect.
295 2392 333 2427 ii.
384 2391 605 2426 IfWilsrith
633 2392 703 2426 and
720 2392 894 2426 Tatberht
922 2392 1063 2426 crossed
1088 2392 1150 2426 the
1177 2391 1350 2434 Humber,
1377 2391 1408 2425 it
1426 2391 1545 2425 would
1563 2390 1608 2425 be

79 2449 116 2478 at
132 2444 193 2478 the
211 2444 306 2490 serry
323 2443 487 2479 between
504 2444 650 2489 Brough
671 2444 740 2478 and
757 2444 1063 2489 WVinteringham,
1079 2444 1148 2478 and
1167 2444 1254 2488 they
1272 2443 1391 2477 would
1407 2443 1482 2477 ride
1503 2443 1610 2489 along

76 2496 139 2529 the
156 2496 295 2530 Roman
322 2496 409 2530 road
428 2496 605 2542 (Hermen
633 2496 768 2541 Sti-eet)
795 2501 832 2530 to
859 2495 1019 2530 Lincoln.
1070 2495 1263 2529 Wilfrith‘s
1280 2495 1417 2529 funeral
1435 2495 1556 2529 would
1573 2495 1608 2529 111

77 2548 125 2582 all
151 2548 367 2594 probability
392 2560 490 2582 come
516 2548 563 2593 by
584 2548 642 2582 the
659 2560 753 2583 same
771 2549 868 2588 road,
885 2549 1005 2583 which
1026 2547 1115 2583 srom
1135 2549 1196 2582 the
1214 2548 1299 2582 time
1317 2547 1357 2582 of
1371 2547 1432 2581 the
1450 2547 1610 2582 Romans

77 2602 170 2635 until
186 2602 247 2636 the
265 2602 364 2636 chief
379 2602 475 2647 ferry
492 2613 567 2636 was
592 2602 727 2636 shisted
746 2607 784 2636 to
809 2601 959 2644 Barton,
977 2614 1014 2636 as
1040 2602 1068 2635 it
1093 2601 1158 2636 has
1185 2601 1290 2647 again
1307 2600 1393 2635 been
1419 2600 1552 2635 shisted
1570 2607 1608 2634 to

77 2651 168 2688 New
185 2654 359 2698 Holland‚
376 2666 451 2688 was
469 2666 489 2688 a
507 2665 669 2689 common
688 2658 801 2689 route.
852 2654 906 2689 St.
924 2654 1184 2699 AEthelthryth
1205 2653 1460 2699 (Etheldreda)
1480 2653 1608 2698 passed

78 2705 160 2740 that
176 2718 258 2752 way
280 2719 300 2741 a
317 2707 387 2741 few
404 2718 507 2752 years
523 2705 643 2741 before
657 2720 665 2751 ;
684 2707 754 2741 and
772 2707 857 2752 long
874 2707 965 2741 after
981 2706 1144 2741 William
1163 2706 1205 2740 de
1223 2706 1277 2740 St.
1296 2705 1466 2746 Barbara,
1481 2704 1607 2750 bishop

80 2758 171 2793 elect
188 2759 230 2793 of
243 2760 419 2799 Barbam,
431 2760 494 2794 the
512 2760 642 2794 former
659 2759 790 2805 11661119,Γ
806 2760 897 2794 from
915 2760 980 2794 her
995 2759 1159 2794 husband
1177 2763 1216 2793 to
1234 2759 1304 2804 Ely
1321 2758 1428 2801 (Tho.
1443 2757 1608 2799 Eliensis,

79 2813 173 2855 Any.
195 2813 268 2846 Sao.
286 2811 308 2846 i.
328 2813 429 2856 598),
448 2812 508 2846 the
524 2812 634 2846 latter
650 2812 759 2858 going
784 2812 875 2847 from
901 2813 1053 2847 London
1079 2818 1116 2846 to
1143 2812 1280 2846 receive
1306 2810 1552 2845 confirmation
1572 2810 1612 2843 of

79 2862 135 2897 his
153 2863 316 2903 election,
336 2864 455 2898 which
475 2864 558 2898 took
576 2865 675 2910 place
693 2865 730 2898 111
750 2864 1042 2910 11’10161·1118Βα1ῃ
1062 2864 1378 2905 ciruitu—(Com.
1398 2863 1494 2896 IIz'st.
1513 2862 1608 2896 EM.

79 2914 245 2950 Dunelm.
266 2917 299 2950 in
319 2916 505 2961 B‹÷((t·‹»·d·.s
523 2920 683 2961 Symeon,
700 2929 735 2962 p.
755 2918 855 2962 274.)

1654 537 1799 566 wilfrith

1654 577 1742 605 takes
1764 577 1853 606 leave

1653 617 1686 644 of
1703 616 1757 644 the

1654 655 1812 692 bretbren,

1653 787 1771 816 travels

1651 827 1759 855 south-

1652 867 1748 902 ward,

1650 1240 1711 1269 and
1724 1241 1851 1270 reaches

1650 1280 1698 1308 his
1714 1290 1835 1310 mouns-

1649 1323 1718 1357 tery
1736 1321 1768 1348 in

1649 1358 1784 1392 Ound'e,

1648 1398 1750 1426 where
1767 1398 1816 1427 his

1647 1436 1708 1466 last,
1722 1438 1805 1466 sick-

1648 1485 1718 1506 ness
1733 1486 1835 1506 comes

1646 1525 1696 1544 on.

1646 1621 1712 1649 T'ne
1727 1621 1790 1650 last

1647 1660 1712 1689 ride
1725 1661 1804 1690 with

1645 1699 1806 1730 Tatberht.

1644 2001 1694 2030 He
1709 2002 1798 2038 gives

1646 2041 1797 2071 ilc-xham

1643 2088 1675 2110 to
1690 2082 1785 2110 Acca.
