1935 3151
111 163 205 211 276

109 292 212 322 Grant
227 291 260 322 of

107 332 198 369 right
212 332 247 361 of

108 379 196 410 way.

106 681 195 721 Open
210 684 286 713 time

107 722 153 752 for
167 723 271 752 cattle.

106 1126 286 1158 Witnesses.

101 1383 183 1414 Mar.
197 1384 245 1414 30.

100 1704 169 1727 ΑΛ).
186 1697 272 1726 1323.

103 1752 154 1781 W.
169 1753 206 1782 de
224 1752 299 1782 Clu-

102 1792 227 1820 therum
244 1796 276 1821 to

100 1829 131 1860 J.
146 1831 182 1860 de
197 1831 291 1860 Aula.

820 171 1095 205 MEMORIALS
1130 171 1188 205 OF
1223 172 1380 206 RIPON.

342 289 523 342 Primas,
546 291 848 339 concessimus,
862 303 937 343 pro
959 290 1080 329 nobis
1097 294 1142 329 et
1156 289 1468 330 successoribus
1489 289 1660 340 nostris,
1680 290 1708 331 J
1710 288 1870 331 ohanni

340 353 381 393 le
422 354 668 409 Bellegeter
701 355 754 394 de
788 353 967 407 Rypon',
1004 353 1116 406 quod
1152 354 1244 407 ipse
1286 357 1330 393 et
1361 351 1551 393 haeredes
1582 353 1648 392 sui
1680 352 1870 394 habeant

340 419 661 472 imperpetuum
683 419 869 459 liberum
890 418 1119 457 introitum
1134 422 1178 458 et
1199 418 1366 458 exitum
1379 417 1494 457 ultra
1506 420 1667 456 terram
1679 421 1868 458 nostram

341 495 470 534 quam
510 481 739 522 habuimus
781 482 833 522 de
866 481 976 521 dono
1009 484 1054 521 et
1085 482 1356 521 concessione
1392 481 1527 534 ipsius
1569 480 1596 521 J
1599 479 1780 521 ohannis
1821 482 1868 521 in

341 545 441 585 villa
491 545 544 585 de
595 545 774 599 Rypon',
825 558 962 598 usque
1013 544 1067 584 ad
1117 545 1390 599 mesuagium
1442 557 1568 584 suum
1618 544 1664 583 in
1716 545 1866 584 eadem

340 608 444 649 villa
476 609 655 662 Rypon',
677 623 777 649 cum
828 609 957 648 carris
999 611 1044 648 et
1085 609 1283 648 carrectis
1324 609 1377 648 ad
1408 607 1653 648 omnimoda
1683 609 1867 662 cariagia

339 671 546 722 facienda,
568 676 613 712 et
636 686 734 712 cum
756 672 956 712 omnibus
977 672 1131 711 averiis
1155 672 1243 711 suis
1265 675 1457 725 tempore
1478 675 1640 724 aperto.
1693 671 1867 712 Haben-

339 735 443 774 dum
465 740 510 775 et
531 736 768 776 tenendum
790 735 992 789 praedicto
1013 734 1202 775 ,Iohanni
1224 739 1268 776 et
1290 734 1530 775 haeredibus
1553 735 1654 785 suis,
1676 735 1727 775 de
1744 736 1866 776 nobis

337 802 382 838 et
415 800 727 839 successoribus
758 799 929 849 nostris,
960 798 1093 838 libere
1125 802 1170 839 et
1201 799 1389 852 pacifice,
1411 799 1457 838 in
1479 798 1614 838 forma
1644 802 1864 851 praetacta,

336 862 554 902 reddendo
593 863 695 903 inde
727 863 952 903 annuatim
987 862 1109 903 nobis
1146 866 1190 903 et
1228 862 1538 903 successoribus
1571 862 1742 913 nostris,
1775 863 1866 916 ipse

336 925 363 966 J
366 925 555 966 ohannes
594 930 637 966 et
678 925 868 967 haeredes
910 927 991 977 sui,
1032 940 1171 966 unum
1212 927 1438 966 denarium
1478 926 1524 965 in
1565 925 1677 965 festo
1719 926 1865 966 Sancti

336 988 563 1029 Michaelis
598 989 870 1044 Archangeli.
933 990 987 1029 In
1023 989 1146 1043 cujus
1182 991 1246 1030 rei
1270 990 1585 1040 testimonium,
1613 1002 1689 1029 nos
1722 993 1866 1043 partes

334 1052 547 1105 praedictae
568 1053 850 1106 praesentibus
870 1053 1114 1093 indenturis
1137 1053 1277 1107 sigilla
1297 1055 1442 1093 nostra
1461 1053 1711 1092 alternatim
1731 1066 1864 1106 appo-

335 1116 514 1156 suimus.
576 1117 674 1157 Hiis
714 1117 916 1168 testibus,
957 1117 1143 1157 dominis
1186 1117 1361 1157 Simone
1391 1116 1536 1166 Ward,
1578 1116 1767 1156 Roberto
1807 1116 1862 1156 de

335 1178 552 1233 Conigers,
569 1180 735 1235 Rogero
765 1180 818 1220 de
841 1179 1112 1234 Nunnewyk,
1132 1180 1346 1220 militibus
1363 1194 1374 1229 3
1405 1179 1624 1219 willelmo
1644 1179 1733 1219 filio
1753 1179 1863 1219 Wil-

333 1242 454 1283 lelmi
476 1243 528 1283 de
550 1243 764 1294 Aldefeld,
781 1244 809 1285 J
811 1243 979 1284 ohanne
1000 1244 1052 1284 de
1074 1243 1370 1299 Merkington,
1393 1243 1420 1284 J
1423 1242 1588 1283 ohanne
1610 1243 1650 1283 le
1667 1243 1862 1293 VVarner,

335 1305 498 1347 Thoma
519 1307 725 1361 Deiguill,
747 1308 903 1348 ballivo
927 1307 1095 1361 Ripon’,
1117 1311 1162 1348 et
1184 1308 1293 1348 aliis.

422 1371 520 1412 Dat.
542 1371 656 1426 apud
676 1370 818 1424 Thorp
831 1384 961 1424 prope
982 1370 1122 1421 Ebor’,
1144 1370 1190 1425 iij
1217 1371 1346 1411 Kaln.
1368 1371 1542 1424 Aprilis,
1555 1370 1680 1410 Anno
1696 1369 1862 1411 Graciae

334 1433 569 1475 Millesimo
589 1439 708 1475 00οΠιο
728 1434 832 1488 xxj0,
855 1437 899 1474 et
919 1435 1193 1488 pontificatus
1214 1435 1350 1475 nostri
1371 1438 1536 1488 quarto.

498 1543 667 1581 CLXIV.
701 1544 876 1581 GRANT
912 1545 975 1581 OF
1012 1546 1152 1581 LAND
1188 1545 1243 1581 IN
1278 1544 1703 1581 CLOTHERHOLME.

867 1614 1010 1660 (Riron
1028 1614 1211 1650 CHAPTER
1227 1615 1323 1659 MS.)

422 1686 568 1727 Sciant
588 1687 822 1739 praesentes
845 1688 889 1726 et
903 1685 1054 1738 futuri,
1075 1687 1188 1740 quod
1205 1700 1284 1741 ego
1299 1685 1543 1726 Willelmus
1560 1684 1674 1726 filius
1694 1685 1861 1726 Emmae

333 1749 385 1790 de
427 1748 705 1791 Cloutherum
746 1750 948 1800 concessi,
984 1749 1098 1802 dedi,
1134 1754 1180 1790 et
1219 1749 1297 1791 hac
1337 1753 1453 1791 carta
1486 1763 1583 1790 mea
1612 1748 1860 1790 confirmavi

333 1814 360 1855 J
363 1812 521 1853 ohanni
543 1814 595 1854 de
617 1814 727 1854 Aula
748 1813 800 1853 de
824 1813 991 1867 Ripon’,
1013 1814 1236 1855 dimidiam
1257 1828 1399 1855 acram
1419 1817 1543 1854 terrae
1569 1813 1790 1868 jacentem
1810 1813 1857 1852 in

332 1877 546 1917 territorio
577 1877 629 1917 de
652 1876 948 1927 Cloutherum,
969 1878 1083 1931 apud
1106 1877 1350 1928 Cmbrades,
1373 1880 1419 1917 et
1439 1877 1639 1918 abbuttat
1661 1890 1788 1930 super
1817 1875 1860 1916 10

332 1940 593 1994 Lyttelleyg'
613 1941 727 1981 inter
748 1943 907 1981 terram
929 1941 957 1981 J
959 1940 1140 1982 ohannis
1161 1942 1240 1981 filii
1262 1942 1420 1997 Roget-i
1434 1942 1486 1981 de
1504 1939 1799 1991 Cloutherum,
1814 1942 1860 1979 et

333 2006 493 2044 terram
510 2005 673 2044 domini
694 2005 722 2046 J
724 2003 905 2044 ohannis
922 2004 1043 2059 Stoyl
1060 2019 1071 2054 3
1102 2006 1342 2046 tenendum
1364 2008 1409 2046 et
1428 2004 1677 2045 habendum
1698 2004 1860 2044 dictam

333 2068 557 2108 dimidiam
579 2082 717 2108 acram
738 2071 862 2109 terrae
883 2083 982 2109 cum
1004 2070 1299 2122 pertinenciis,
1315 2070 1430 2110 dicto
1450 2069 1478 2110 J
1480 2068 1639 2109 ohanni
1660 2068 1714 2108 de
1734 2068 1860 2118 Aula,

249 2131 253 2134 ’
334 2129 576 2171 haeredibus
598 2132 700 2181 suis,
724 2135 767 2171 et
799 2132 886 2172 suis
907 2133 1151 2186 assignatis,
1173 2133 1323 2184 libere,
1345 2133 1507 2186 quiete,
1529 2132 1653 2182 bene,
1674 2132 1721 2171 in
1741 2144 1860 2184 pace,

110 2522 220 2552 March
235 2523 282 2552 30.

112 2650 294 2680 Witnesses.

334 2195 388 2235 de
410 2195 582 2248 capitali
614 2195 786 2235 domino
806 2194 919 2235 feodi
951 2196 1083 2246 illius,
1105 2210 1180 2249 per
1211 2197 1387 2236 servicia
1407 2196 1507 2236 inde
1530 2195 1675 2235 debita
1695 2197 1740 2234 et
1760 2208 1860 2234 con-

338 2262 458 2297 sueta
479 2259 523 2297 in
546 2261 820 2310 perpetuum.
883 2259 940 2298 Et
969 2272 1048 2313 ego
1069 2259 1211 2300 dictus
1233 2260 1478 2300 Willelmus
1500 2263 1544 2300 et
1566 2258 1753 2299 haeredes
1773 2258 1860 2298 mei

337 2321 495 2360 dictam
517 2321 737 2361 dimidiam
759 2335 899 2361 acram
920 2326 1044 2363 terrae
1064 2337 1163 2363 cum
1184 2324 1461 2377 pertinenciis
1474 2322 1651 2377 praefato
1671 2321 1698 2362 J
1701 2320 1859 2362 ohanni

338 2386 383 2423 et
404 2383 643 2424 haeredibus
666 2386 753 2424 suis
773 2389 818 2425 et
840 2386 926 2425 suis
946 2387 1176 2440 assignatis
1197 2389 1343 2426 contra
1363 2400 1508 2426 omnes
1528 2388 1680 2440 gentes
1700 2398 1860 2425 waran-

339 2447 566 2486 tizabimus
588 2447 632 2486 in
653 2451 924 2500 perpetuum.
986 2450 1038 2489 In
1060 2449 1185 2504 cujus
1206 2450 1268 2490 rei
1289 2450 1590 2490 testimonium
1610 2447 1710 2488 huic
1732 2450 1859 2488 cartae

341 2510 533 2564 sigillum
554 2523 699 2550 meum
721 2512 911 2563 apposui.
972 2512 1070 2552 Dat.
1092 2514 1206 2566 apud
1229 2513 1523 2562 Cloutherum,
1544 2513 1613 2552 die
1635 2511 1789 2551 Martis
1813 2511 1860 2550 in

340 2574 579 2626 septimana
620 2572 806 2623 Paschae,
848 2575 971 2615 Anno
1012 2577 1187 2616 Domini
1232 2577 1300 2616 Μο
1340 2581 1429 2617 ccc⁰
1468 2576 1670 2616 vicesimo
1711 2574 1859 2614 tercio.

341 2637 438 2676 Hiis
468 2636 666 2686 testibus,
697 2635 894 2677 Johanne
925 2639 1012 2678 filio
1043 2640 1200 2694 Rogeri
1231 2641 1284 2680 de
1317 2638 1612 2690 Cloutherum,
1643 2637 1860 2677 Willelmo

340 2700 426 2739 filio
457 2700 664 2739 willelmi
695 2700 748 2739 de
780 2700 1075 2753 Cloutherum,
1107 2702 1304 2744 Johanne
1335 2701 1674 2752 Atteton’hend,¹
1696 2699 1859 2741 Thoma

340 2763 507 2812 Gamel,
530 2762 714 2803 Roberto
736 2762 923 2812 Colstan,
945 2767 989 2804 et
1009 2766 1117 2806 aliis.

427 2824 556 2865 Label
577 2824 852 2878 remaioztnq,
874 2825 951 2866 but
971 2827 1060 2868 scal
1079 2843 1203 2881 gyone.

427 2887 871 2930 Euclea-sed—Terris
892 2890 935 2929 in
958 2890 1249 2933 Cloutherum,

830 2968 884 3011 (l)
914 2968 965 3004 Le.
993 2970 1067 3004 ‘At
1087 2970 1144 3005 the
1162 2976 1257 3006 town
1276 2972 1364 3006 eud!
