1935 3151
71 473 139 495 As).
156 466 242 495 1352.

72 505 156 543 Sept.
173 506 220 534 15.

71 560 137 589 The
151 561 260 599 king’s

71 600 162 629 order
177 601 224 629 for
239 610 258 629 a

71 640 237 669 visitation

71 679 116 717 by
126 679 173 708 his
188 688 271 708 com-

72 718 259 748 missioners.

785 147 1060 182 MEMORIALS
1095 148 1153 182 OF
1189 148 1346 183 RIPON.

339 298 514 335 CXVIII.
549 299 723 335 ROYAL
756 298 1049 334 VISITATION
1081 299 1143 334 OF
1176 298 1243 334 ST.
1273 298 1423 334 MARY
1455 298 1796 337 MAGDALEN’S.

518 377 614 421 (MS.
632 377 768 412 P.R.O.
785 378 864 412 Esc.
883 377 931 411 26
948 377 1050 412 Edw.
1069 376 1155 421 111„
1172 376 1239 411 No.
1259 377 1317 421 60,
1335 376 1406 410 2nd
1423 375 1619 422 numbers.)

392 456 637 507 Edwardus,
659 456 741 496 Dei
771 457 914 511 gracia
946 456 1038 496 Rex
1058 456 1226 511 Angliae
1258 460 1303 496 et
1334 455 1527 496 Franciae
1559 459 1604 496 et
1636 455 1836 497 dominus

304 521 538 572 Hiberniae,
560 521 729 561 dilectis
752 522 832 562 sibi
849 522 1055 575 magistro
1068 520 1286 561 Willelmo
1308 520 1360 560 de
1377 521 1616 574 Langeton,
1630 522 1837 575 magistro

304 586 407 626 Adae
448 586 501 625 de
537 583 896 639 Twyselyngton',
929 588 973 625 et
1014 584 1203 625 Roberto
1238 585 1292 624 de
1324 583 1607 635 Middelham,
1640 584 1836 625 salutem.

306 650 415 698 Quja
444 650 596 690 datum
626 653 692 689 est
713 650 834 690 nobis
856 648 1048 703 intelligi
1069 649 1183 702 quod
1204 649 1251 688 in
1272 647 1475 702 hospitali
1498 647 1665 689 Sanctae
1685 649 1837 690 Mariae

304 713 572 768 Magdalenae
603 713 657 753 de
688 713 868 766 Rypon’,
897 713 1011 766 quod
1033 713 1086 753 de
1107 713 1415 766 temporalibus
1436 710 1837 766 Archiepiscopatus
1909 721 1913 724 ’

304 778 432 818 Ebor.
454 778 643 817 vacantis
665 780 710 817 et
739 778 786 817 in
806 791 939 817 manu
968 781 1114 817 nostra
1135 776 1361 817 existentis
1383 777 1546 827 existit,
1567 790 1643 830 pro
1665 777 1838 818 defectu

304 842 406 882 boni
426 841 651 895 regiminis
684 839 879 894 ejusdem
910 839 1132 894 hospitalis
1163 840 1305 894 plures
1336 840 1529 880 defectus
1560 841 1838 894 reperiuntur

303 905 388 946 hiis
424 906 589 955 diebus,
621 918 668 944 ac
697 905 984 958 possessiones
1014 909 1058 946 et
1093 905 1204 945 bona
1239 905 1346 945 dicti
1373 903 1596 957 hospitalis
1632 904 1839 959 dissipata

303 973 407 1010 sunt
436 969 739 1022 multipliciter
770 972 816 1009 et
846 972 1029 1019 vastata,
1050 969 1098 1009 in
1129 968 1325 1023 ejusdem
1356 967 1579 1022 hospitalis
1600 969 1837 1022 dampnum

305 1037 350 1074 et
370 1033 726 1083 destruccionem,
740 1046 787 1073 ac
808 1033 957 1073 Divini
973 1033 1116 1073 cultus
1130 1036 1175 1072 et
1191 1033 1366 1086 pietatis
1380 1046 1572 1086 operum,
1587 1033 1662 1086 qui
1674 1033 1837 1073 ibidem

303 1098 397 1138 fieri
418 1097 628 1137 deberent
649 1099 694 1137 et
714 1096 893 1137 fuerunt
912 1097 965 1138 ab
987 1096 1091 1136 olim
1114 1096 1321 1146 stabilita,
1339 1096 1677 1136 diminucionem
1698 1096 1837 1136 mani-

303 1162 474 1212 festam,
515 1161 617 1212 Nos,
661 1161 796 1201 statui
829 1160 1052 1215 hospitalis
1087 1159 1282 1215 praedicti
1317 1159 1388 1213 pie
1425 1160 1754 1213 compacientes,
1787 1174 1836 1200 ac

302 1226 613 1266 relevacionem
645 1224 839 1279 ejusdem
868 1225 1025 1265 intime
1055 1225 1293 1278 cupientes,
1325 1227 1376 1265 ut
1400 1227 1615 1275 tenemur,
1644 1225 1836 1278 assigna-

302 1291 443 1331 vimus
465 1303 537 1330 vos
560 1293 605 1330 et
626 1290 731 1330 duos
753 1292 946 1330 vestrum
959 1289 1012 1330 ad
1036 1288 1402 1343 supervidendum
1425 1291 1587 1328 statum
1608 1287 1835 1342 hospitalis

303 1354 512 1407 praedicti,
535 1357 579 1394 et
600 1352 653 1393 ad
676 1352 922 1404 Custodem,
943 1353 1110 1404 fratres,
1134 1355 1178 1394 et
1205 1366 1381 1403 sorores,
1402 1365 1450 1392 ac
1480 1352 1701 1393 ministros
1723 1353 1837 1406 ejus-

303 1418 403 1458 dem
420 1416 644 1471 hospitalis
660 1417 860 1457 visitand.
881 1417 1130 1471 dictumque
1148 1416 1370 1456 custodem
1383 1429 1430 1456 ac
1446 1414 1600 1456 fratres
1617 1418 1661 1456 et
1676 1429 1836 1457 sorores

305 1481 499 1536 ejusdem
516 1495 642 1535 super
650 1481 880 1534 praemissis
892 1481 1147 1535 singillatim
1158 1480 1442 1530 examinand„
1461 1483 1505 1520 et
1520 1480 1573 1520 ad
1590 1481 1834 1534 inquirend.

304 1559 380 1599 per
407 1548 722 1585 sacramentum
742 1544 973 1598 proborum
1004 1548 1048 1585 et
1079 1545 1282 1599 legalium
1304 1543 1531 1584 hominum
1552 1543 1604 1583 de
1626 1545 1836 1585 comitatu

304 1610 430 1650 Ebor.
448 1614 538 1649 tam
551 1609 662 1649 infra
678 1609 897 1650 libertates
912 1623 1042 1662 quam
1059 1613 1191 1658 extra,
1208 1622 1284 1662 per
1298 1622 1402 1662 quos
1419 1609 1484 1648 rei
1501 1609 1657 1648 veritas
1674 1608 1832 1649 melius

305 1673 402 1713 sciri
423 1674 596 1727 poterit,
619 1687 744 1727 super
765 1673 1007 1713 defectibus
1030 1672 1256 1726 hospitalis
1278 1672 1472 1726 praedicti
1494 1686 1541 1712 ac
1560 1685 1686 1726 super
1707 1675 1834 1726 gestu

305 1737 517 1788 Custodis,
549 1737 747 1788 fratrum,
770 1740 815 1777 et
837 1751 1027 1777 sororum
1056 1737 1370 1790 praedictorum,
1391 1750 1559 1776 necnon
1591 1737 1627 1776 si
1654 1736 1836 1790 dissipa-

303 1802 446 1841 ciones
469 1805 515 1841 et
535 1802 888 1855 consumpciones
909 1801 1132 1852 bonorum,
1155 1814 1313 1851 rerum,
1337 1804 1380 1841 et
1402 1801 1735 1854 possessionum,
1757 1803 1834 1841 aut

302 1865 584 1905 alienaciones
606 1869 832 1916 terrarum,
853 1868 1216 1916 tenementorum,
1240 1879 1317 1905 seu
1344 1865 1592 1905 reddituum
1614 1865 1667 1904 ad
1686 1863 1835 1918 hospi-

302 1929 389 1970 tale
404 1930 657 1983 p1·aedictu1n
678 1930 996 1983 pertinencium
1018 1929 1139 1969 factae
1160 1928 1324 1969 fuerint
1344 1943 1493 1979 necne,
1508 1932 1553 1969 et
1576 1929 1612 1969 si
1634 1929 1707 1980 sie,
1729 1932 1835 1969 111110

303 2008 402 2047 quo,
424 1994 578 2047 quibus
610 1994 816 2047 personis,
838 2008 922 2047 quo
950 1997 1158 2047 tempore,
1180 1993 1379 2047 qualiter,
1402 1996 1448 2034 et
1468 1992 1692 2047 quomodo,
1715 1995 1761 2032 et
1780 1993 1834 2032 de

303 2058 502 2097 omnibus
524 2057 619 2097 aliis
640 2058 834 2098 articulis
867 2061 912 2098 et
942 2058 1278 2098 circumstanciis
1310 2057 1531 2111 praemissa
1551 2056 1833 2110 tangentibus

303 2121 472 2174 plenius
504 2122 744 2162 veritatem.
806 2122 864 2161 Et
895 2121 991 2162 ideo
1023 2121 1142 2161 vobis
1174 2121 1427 2161 mandamus
1459 2120 1572 2174 quod
1595 2121 1648 2160 ad
1669 2123 1832 2160 certum

302 2185 418 2225 diem
439 2198 568 2238 quem
583 2199 655 2225 vos
673 2185 741 2225 vel
763 2185 847 2226 duo
868 2188 1060 2225 vestrum
1081 2185 1134 2225 ad
1155 2184 1234 2225 1100
1255 2184 1539 2238 provideritis,
1553 2185 1605 2225 ad
1619 2183 1831 2238 hospitale

302 2248 556 2300 praedictum
578 2249 859 2302 personaliter
890 2249 1153 2299 accedentes,
1179 2249 1435 2303 diligentem
1457 2262 1582 2302 super
1603 2248 1832 2301 praemissis

302 2312 471 2352 faciatis
491 2313 834 2366 inquisicionem,
857 2316 901 2353 et
924 2327 1032 2364 eam,
1055 2313 1262 2353 distincte
1284 2315 1328 2352 et
1348 2315 1495 2366 aperte
1516 2311 1687 2362 factam,
1709 2311 1831 2352 nobis

302 2376 349 2415 in
372 2375 630 2416 Cancellaria
650 2380 795 2417 nostra
818 2377 896 2418 sub
919 2377 1070 2432 sigillis
1093 2377 1247 2418 vestris
1267 2377 1335 2417 vel
1352 2377 1535 2416 duorum
1557 2380 1765 2427 vestrum,
1787 2379 1833 2416 et

305 2439 457 2493 sigillis
480 2453 627 2479 eorum
649 2454 724 2493 per
755 2454 860 2493 quos
891 2440 1004 2481 facta
1034 2440 1167 2481 fuerit
1200 2441 1291 2481 sine
1323 2440 1531 2480 dilacione
1564 2440 1765 2490 mittatis,
1787 2443 1833 2479 et

304 2500 383 2542 hoc
415 2502 557 2542 breve.
618 2503 920 2545 Mandavimus
953 2506 1069 2545 enim
1101 2505 1285 2555 custodi,
1307 2503 1523 2554 fratribus,
1547 2506 1592 2543 et
1623 2503 1832 2543 sororibus

305 2564 528 2619 hospitalis
549 2567 755 2620 praedicti,
777 2568 890 2620 quod
912 2569 1029 2608 vobis
1052 2569 1118 2609 vel
1140 2569 1305 2608 duobus
1327 2571 1519 2608 vestrum
1539 2568 1584 2606 in
1605 2567 1833 2620 praemissis

304 2633 483 2682 parcant
505 2634 551 2670 et
572 2631 815 2681 intendant,
837 2645 884 2671 ac
906 2633 1158 2672 Vieoeomiti
1187 2636 1332 2672 nostro
1363 2632 1591 2672 comitatus
1623 2631 1833 2684 praedicti,

305 2693 419 2745 quod
440 2693 493 2733 ad
509 2697 674 2734 certum
693 2695 819 2745 diem,
835 2709 963 2748 quem
981 2710 1052 2736 vos
1067 2697 1133 2736 vel
1156 2697 1239 2737 duo
1261 2699 1451 2736 vestrum
1468 2695 1507 2735 ei
1530 2695 1634 2735 scire
1651 2694 1831 2745 faciatis,

306 2756 452 2796 venire
486 2756 613 2798 faciat
638 2772 778 2799 coram
804 2759 922 2798 vobis
954 2759 1022 2799 vel
1059 2759 1224 2801 duobus
1256 2763 1447 2799 vestrum
1478 2759 1591 2812 apud
1623 2757 1832 2811 hospitale

307 2819 571 2871 praedictum,
594 2823 660 2861 tot
681 2826 725 2862 et
748 2822 855 2862 tales
876 2823 1026 2876 probos
1049 2826 1093 2863 ct
1114 2823 1272 2877 legales
1290 2822 1484 2863 homines
1501 2822 1553 2862 de
1571 2821 1725 2862 balliva
1743 2835 1831 2871 sua,

306 2886 395 2922 tam
417 2883 525 2923 infra
558 2884 778 2926 libertates
810 2900 938 2939 quam
967 2890 1100 2936 extra,
1132 2901 1206 2940 per
1238 2901 1343 2941 quos
1374 2888 1434 2926 rei
1468 2887 1620 2926 veritas
1652 2886 1697 2926 in
1724 2899 1830 2938 prae-
