1935 3151
104 161 199 208 294
818 172 1094 206 »mimmius
1129 172 1188 205 or
1223 172 1381 205 RIPON.

337 284 597 326 Willielmus
626 285 678 326 de
711 284 869 339 Orlyen
897 283 1044 338 junior
1078 281 1211 323 michi
1242 284 1363 323 dedit
1392 296 1417 323 a
1446 295 1516 323 me
1554 285 1599 322 et
1638 283 1865 337 assignatis

337 349 442 389 meis
483 350 558 403 qui
597 350 844 403 praedictam
879 352 1039 388 terram
1069 347 1290 398 tenebant,
1323 347 1437 387 salvo
1477 346 1651 387 domino
1690 346 1864 388 Archie-

103 421 284 451 witnesses.
335 413 508 466 piscopo
545 415 720 454 servicio
754 427 842 453 suo.
904 412 1001 452 Hiis
1032 412 1230 462 testibus,
1261 411 1478 465 magistris
1511 410 1564 451 G.
1596 411 1648 450 de
1690 411 1864 462 Larder‚

335 477 583 529 Laurencio,
606 477 828 519 Canonicis
847 492 859 527 ;
891 476 1089 527 Ranulfo,
1121 475 1310 516 Roberto
1330 475 1420 515 filio
1443 475 1654 526 Gaufridi,
1676 474 1864 516 Roberto

337 539 499 595 Sartys,
521 541 773 595 Capellanis.

334 680 618 718 CLXXXVIII.
655 681 845 716 LITERA
895 679 1133 714 CAPITULI
1175 678 1358 714 RYPON’
1398 678 1567 713 FACTA
1611 677 1864 712 CAPITULO

371 739 656 774 SIJTHWELL
688 739 786 774 PRO
823 738 1004 773 MUTUA
1041 737 1427 772 CELEBRAOIONE
1462 735 1819 778 EXEQUIARUM.

784 818 925 863 (Lrssmz
950 819 1045 853 Ama.
1072 817 1224 853 Sumw.
1250 829 1284 864 p.
1313 817 1411 862 136.)

100 931 167 954 Aa).
185 924 270 953 1239.
429 910 541 949 V'ris
562 908 875 949 venerabilibus
897 912 942 948 et
955 908 1100 948 amicis
1117 909 1162 947 in
1177 907 1346 949 Christo
1361 907 1652 958 dilectissimis
1666 904 1863 959 Capitulo

99 978 166 1008 The
178 979 280 1031 Clym-
335 974 506 1022 Suwell,
537 973 701 1014 humile
734 973 982 1026 Capitulum
1014 973 1139 1013 Beati
1160 972 1350 1012 Wilfridi
1381 972 1433 1012 de
1466 970 1644 1025 Rypon’,
1676 970 1863 1010 salutem

101 1018 298 1086 {grtfflfehwon
334 1046 536 1080 aeternam
568 1040 613 1078 in
645 1038 841 1078 Domino.
905 1037 1012 1078 Cum
1042 1037 1197 1077 misero
1228 1037 1328 1077 data
1360 1037 1417 1076 sit
1447 1036 1521 1075 lux
1552 1039 1603 1075 ut
1625 1035 1705 1075 sibi
1726 1035 1862 1088 possit

101 1096 288 1166 ggffiffifessf
334 1103 552 1156 providere
575 1116 627 1142 ne
650 1105 832 1152 corruat,
853 1102 905 1141 ad
928 1100 1007 1140 1106
1029 1101 1164 1140 eciam
1185 1100 1299 1140 valet
1331 1101 1365 1139 si
1395 1100 1565 1139 labatur
1585 1102 1636 1138 ut
1656 1102 1861 1152 resurgat.

279 1159 285 1167 ’
334 1168 450 1217 Ideo,
481 1166 664 1206 Domino
694 1166 1026 1205 misericorditer
1056 1164 1355 1217 dispensando,
1377 1177 1508 1216 quem
1538 1162 1862 1216 praedestinavit

333 1230 494 1270 lumine
530 1231 625 1271 Suae
657 1230 862 1269 claritatis
903 1229 1107 1279 illustrat,
1141 1233 1191 1268 ut
1228 1232 1392 1268 statum
1428 1241 1555 1267 suum
1589 1227 1624 1266 si
1659 1226 1862 1266 ceciderit

334 1295 589 1345 consideret,
623 1299 668 1333 et
696 1307 782 1333 non
815 1294 952 1333 solum
985 1293 1037 1333 ad
1065 1293 1288 1346 justiciam
1319 1305 1448 1345 quam
1480 1292 1626 1331 amisit
1653 1289 1858 1339 anhelet‚¹

333 1372 482 1398 verum
505 1359 638 1397 eciam
661 1362 709 1397 ut
735 1359 781 1396 in
803 1371 851 1397 ea
872 1361 1129 1410 perseveret,
1151 1357 1269 1396 omni
1290 1356 1672 1409 circumspeccione
1694 1354 1860 1394 meritis

335 1422 546 1461 intendat.
608 1421 715 1461 Cum
746 1422 881 1475 igitur
911 1421 962 1460 ad
985 1419 1075 1460 haec
1096 1420 1264 1460 facilius
1296 1419 1597 1472 consequenda
1619 1418 1861 1471 specialiter

335 1485 503 1525 valeant
525 1489 772 1524 mutuarum
794 1485 1039 1524 oracionum
1060 1484 1212 1524 devota
1245 1483 1446 1538 suffragia
1477 1487 1521 1523 et
1543 1483 1708 1522 alterna
1728 1482 1860 1522 bene-

336 1550 442 1599 ficia,
476 1562 584 1601 saepe
616 1549 829 1602 contingit
859 1553 909 1587 ut
940 1548 1052 1601 quod
1074 1547 1334 1601 possibilitas
1365 1547 1532 1600 propria
1562 1560 1648 1586 non
1677 1546 1861 1599 optinet,

334 1613 513 1652 aliorum
535 1613 837 1652 intercessione
859 1612 1057 1651 donetur.
1089 1612 1203 1651 Hinc
1226 1615 1291 1651 est
1312 1611 1424 1664 quod
1439 1614 1624 1650 vestram
1638 1611 1861 1650 caritatem

335 1676 624 1726 attendentes,
648 1680 692 1715 et
714 1677 825 1728 quod
840 1676 910 1729 pie
928 1676 1154 1729 postulatis
1172 1675 1288 1715 vobis
1305 1675 1493 1729 benigne
1510 1674 1798 1724 concedimus,
1815 1677 1861 1713 et

336 1745 385 1780 ut
406 1741 517 1780 idem
543 1740 664 1779 nobis
686 1739 851 1779 faciatis
882 1740 1035 1779 devote
1067 1740 1348 1793 postulamus.
1412 1739 1586 1780 Scilicet
1615 1742 1666 1778 ut
1696 1738 1862 1777 alterna

104 1815 267 1859 prox-isium
288 1854 294 1861 .
337 1805 425 1843 sint
446 1804 719 1844 ecclesiarum
740 1807 981 1843 nostrarum
1003 1804 1285 1857 imposterum
1301 1803 1520 1853 beneficia,
1538 1806 1583 1843 et
1595 1803 1780 1842 maxime
1797 1804 1861 1851 ut,

103 1855 289 1922 {¹8231J2¹⁵‘'¹
338 1869 441 1907 scita
462 1867 643 1920 alicujus
664 1868 963 1907 canonicorum
985 1871 1138 1918 morte,
1160 1881 1289 1921 quam
1311 1868 1398 1907 cito
1421 1881 1463 1906 se
1486 1867 1717 1921 ingesserit
1737 1878 1861 1919 opor-

336 1931 514 1980 tunitas,
536 1931 659 1984 plene
682 1931 758 1970 fiat
789 1945 863 1984 pro
895 1945 944 1971 eo
976 1932 1203 1971 servicium
1234 1932 1280 1970 in
1312 1929 1452 1981 choro,
1474 1931 1565 1971 dies
1596 1930 1738 1970 obitus
1771 1928 1863 1982 ejus

337 1995 545 2034 scribatur
576 1996 621 2033 in
653 1996 911 2048 martssegio,
944 1999 989 2034 et
1022 1995 1202 2049 singulis
1233 1995 1357 2034 annis
1389 2008 1501 2035 anno
1541 1994 1735 2034 revoluto
1765 2005 1864 2032 cum

338 2058 516 2098 l'lacebo
548 2062 592 2098 ct
624 2059 770 2112 Dirige
793 2063 838 2098 et
860 2059 1243 2099 Commendacione
1274 2060 1427 2098 animae
1450 2062 1495 2098 et
1516 2059 1649 2098 Missa
1670 2058 1715 2097 111
1737 2056 1864 2096 choro

338 2121 589 2161 celebretur.
653 2122 793 2162 Simili
830 2123 955 2162 modo
996 2126 1041 2162 et
1072 2123 1148 2162 fiat
1190 2123 1322 2162 semel
1353 2123 1398 2161 in
1431 2136 1557 2173 anno,
1593 2122 1663 2162 die
1696 2121 1750 2161 ad
1785 2119 1864 2159 hoc

340 2183 577 2235 specialiter
598 2185 826 2237 assignato,
849 2199 924 2237 pro
945 2186 1168 2225 animabus
1190 2186 1444 2225 vicariorum
1476 2190 1520 2225 et
1541 2185 1721 2225 aliorum
1743 2184 1865 2224 cleri-

339 2260 483 2286 corum
521 2248 608 2287 Deo
645 2252 687 2287 et
723 2249 868 2288 Beatae
903 2249 1050 2289 lxlariae
1076 2250 1128 2289 de
1162 2249 1318 2290 Suwell
1351 2254 1396 2289 et
1428 2250 1563 2289 Beato
1588 2248 1786 2288 Wilfrido
1811 2248 1863 2287 de

341 2310 516 2362 Rypona
555 2313 912 2353 ministrancium.
976 2313 1097 2361 Quod
1139 2314 1313 2366 quidem
1349 2327 1521 2353 necesse
1555 2315 1621 2352 est
1653 2316 1704 2352 ut
1744 2315 1866 2352 tanto

339 2374 475 2412 arcius
507 2376 811 2426 custodiamus,
833 2380 994 2429 quanto
1025 2378 1160 2430 magis
1192 2377 1314 2432 cujus
1345 2391 1412 2417 res
1442 2377 1560 2430 prius
1582 2377 1627 2416 in
1652 2376 1867 2430 judic-ium

340 2436 491 2476 ‹lcduci
507 2438 656 2478 debeat
673 2440 906 2492 ignoratur.
945 2441 1009 2480 Ne
1027 2442 1163 2495 igitur
1180 2440 1259 2481 hoc
1277 2445 1451 2481 tantum
1467 2441 1724 2481 beneficium
1745 2443 1867 2480 tanta

340 2500 515 2539 caritate
538 2515 784 2541 concessum
807 2505 1023 2543 communi
1045 2518 1218 2545 assensu
1244 2506 1460 2558 provisum
1482 2506 1732 2558 posteritate
1754 2507 1865 2544 tem-

341 2576 490 2614 porum
532 2565 793 2619 necligcncia
835 2567 899 2606 vel
942 2568 1186 2621 ignorancia
1226 2568 1422 2608 frustrari
1470 2568 1537 2608 vel
1578 2568 1690 2608 tradi
1731 2567 1866 2621 possit

341 2626 556 2677 oblivioni,
579 2629 690 2680 quod
713 2643 782 2668 ore
806 2634 850 2670 et
872 2635 1017 2670 luente
1039 2632 1157 2671 vobis
1178 2633 1450 2672 concedimus
1473 2632 1672 2685 praesenti
1695 2632 1864 2684 scripto,

342 2689 470 2742 sigilli
503 2693 635 2731 nostri
668 2694 936 2745 apposicione
969 2694 1177 2746 roborato,
1199 2699 1410 2748 quantum
1442 2697 1486 2735 in
1518 2696 1641 2735 nobis
1664 2698 1743 2745 est,
1765 2707 1864 2733 con-

343 2751 569 2794 firmamus.
602 2757 756 2795 Actum
780 2758 901 2796 Anno
922 2759 1073 2811 graciae
1089 2759 1154 2798 ΜΟ
1175 2765 1240 2798 cc⁰
1261 2760 1419 2810 xxxix⁰‚
1434 2760 1477 2799 in
1493 2759 1602 2800 festo
1623 2757 1861 2799 Michaelis.

342 2814 489 2855 valete
513 2831 676 2870 semper
698 2820 740 2858 iu
766 2820 960 2860 Domin.

879 2910 934 2947 <15
962 2910 1038 2944 Ms.
1059 2911 1122 2945 has
1142 2911 1326 2945 ‘hmwletss
