1955 3068
596 133 822 165 (mmmm.
862 133 1147 165 1›‹‘›(·L‘Ml1:N'1·s.

103 244 345 297 capiendas.
406 244 623 284 'senentes
676 250 819 285 tamen
866 247 1054 299 ipsorum
1099 249 1399 288 canonicorum
1442 247 1550 288 nihil
1593 250 1636 288 in

103 309 228 349 bosco
249 309 426 361 capiunt
448 310 531 348 nisi
555 323 631 362 pro
654 324 729 349 suo
751 310 904 350 dando.
968 311 1025 349 Et
1050 325 1125 364 pro
1157 310 1234 351 ha(-
1267 314 1564 367 recognicione
1593 318 1639 354 et

102 374 251 426 quieta
271 373 528 412 clamacione
551 374 635 414 fine
658 378 701 414 et
723 375 960 424 concordia,
982 376 1235 428 praedictum
1257 377 1495 430 capitulum
1517 377 1640 418 dedit

103 436 278 490 praefato
300 437 468 491 Rogero
489 438 680 491 quinque
713 452 874 479 marcas
905 441 1092 494 argenti,
1115 443 1160 480 et
1192 445 1476 495 susceperunt
1496 442 1638 495 ipsum

103 505 150 541 et
169 504 461 553 antecessores
484 515 581 542 suos
603 507 649 543 et
670 501 860 543 haeredes
893 517 989 543 suos
1021 504 1066 543 in
1099 504 1418 545 fraternitatem
1450 506 1639 547 ecclesiae

104 565 332 618 praedictae,
368 569 413 605 et
447 567 492 605 in
529 567 858 620 participacione
899 568 1095 607 omnium
1137 568 1345 609 bonorum
1379 583 1558 623 operum
1596 574 1641 611 et

104 630 348 669 orationum
369 643 463 683 quae
486 631 530 669 in
554 631 757 684 praedicta
778 631 955 671 ecclesia
976 631 1083 672 fient
1105 633 1442 687 imperpetuum.

104 789 171 825 IX.
198 790 374 825 GRANT
408 791 471 825 OF
505 791 604 826 ONE
638 792 914 827 THOUSAND
950 793 1149 828 POUNDS
1184 794 1244 829 To
1274 795 1504 830 REBUILD
1538 797 1643 831 THE

760 851 987 886 CHI'RUH.

632 928 922 971 (DARNBROUGH
950 929 1027 964 MS.
1055 929 1120 974 iv.)

195 1004 433 1062 Ro[gerus]
459 1006 538 1046 Dei
560 1007 701 1060 gracia
724 1007 1001 1048 Eboracensis
1016 1008 1374 1064 archiepiscopus,
1389 1013 1642 1065 Apostolicae

107 1072 229 1119 Sedis
252 1071 435 1126 legatus,
458 1071 658 1111 omnibus
690 1071 857 1111 Sanctae
889 1074 1039 1112 matris
1073 1074 1276 1114 Ecclesiae
1302 1075 1419 1125 filiis,
1443 1076 1641 1118 salutem.

107 1136 271 1176 Notum
292 1135 474 1175 facimus
506 1135 782 1175 universitati
815 1140 980 1188 vestrae,
1013 1138 1127 1190 quod
1149 1138 1347 1178 dedimus
1378 1141 1496 1194 operi
1519 1141 1643 1181 Beati

106 1199 295 1240 wilfridi
317 1200 370 1239 de
403 1199 541 1252 Ripon
574 1199 626 1238 ad
657 1199 949 1240 aedificandam
981 1201 1227 1241 basilicam¹
1262 1204 1413 1257 ipsius,
1435 1219 1562 1257 quam
1591 1206 1643 1246 de

105 1278 214 1304 novo
236 1263 564 1314 inchoavimus,²
586 1264 705 1304 mille
728 1264 855 1304 libras
877 1266 1035 1305 veteris
1050 1270 1249 1306 monetae.
1314 1267 1373 1308 Ut
1390 1273 1537 1309 autem
1553 1268 1643 1310 haec

106 1333 251 1369 nostra
272 1328 446 1368 donatio
468 1327 591 1367 firma
612 1332 655 1368 et
678 1328 844 1368 illibata
875 1334 1140 1382 permaneat,
1161 1344 1216 1371 ne
1248 1332 1345 1384 quis
1372 1346 1465 1372 eam
1487 1332 1644 1373 infrin-

104 1407 206 1449 gere
229 1397 474 1446 praesumat,
496 1393 752 1432 auctoritate
775 1407 858 1446 qua
879 1392 1104 1448 fungimur
1125 1394 1417 1448 prohibemus.
1480 1397 1526 1437 Si
1547 1399 1644 1451 quis

103 1461 252 1497 autem
283 1460 431 1496 contra
460 1455 799 1510 prohibitionem
830 1462 1022 1498 nostram
1053 1460 1238 1510 venerit,
1271 1462 1531 1502 auctoritate
1564 1463 1644 1502 Dei

107 1521 248 1561 Patris
291 1520 629 1574 Omnipotentis,
672 1521 838 1562 Sanctae
880 1522 1028 1562 Mariae
1070 1523 1280 1578 Virginis,
1323 1529 1367 1565 et
1410 1526 1644 1567 Beatorum

105 1585 408 1639 Apostolorum
449 1584 568 1625 Petri
602 1591 647 1625 et
688 1585 827 1636 Pauli,
869 1600 916 1626 ac
959 1586 1103 1627 Sancti
1136 1588 1326 1628 Wilfridi
1369 1594 1414 1629 et
1454 1589 1645 1644 (nostra)

105 1650 515 1700 excommunicetur,
547 1654 591 1690 et
622 1663 647 1689 a
677 1649 903 1690 liminibus
931 1650 1098 1691 Sanctae
1133 1652 1213 1692 Dei
1243 1653 1433 1694 ecclesiae
1469 1668 1645 1707 seques-

107 1718 262 1754 tretur.

267 1845 314 1880 X.
342 1844 515 1879 GRANT
549 1845 646 1880 FOR
678 1845 1065 1882 ENLARGEMENT
1098 1847 1161 1882 oF
1194 1848 1481 1884 GEMETERY.

624 1915 913 1958 (DARNBROUGH
941 1915 1020 1952 MS.
1046 1916 1126 1960 vii.)

196 1988 408 2029 Omnibus
431 1987 507 2028 has
531 1988 675 2028 literas
698 1989 854 2028 visuris
887 1993 932 2029 et
962 1991 1191 2041 audituris,
1216 1991 1394 2033 Samson
1417 1994 1470 2034 de
1493 1995 1641 2051 Wige-

106 2058 173 2093 tot
190 2053 206 2077 ³
228 2056 270 2093 et
294 2053 419 2092 Isoda
442 2066 596 2105 sponsa
628 2066 718 2102 sua,
743 2053 928 2093 salutem
961 2055 1007 2094 in
1039 2054 1236 2096 Domino.
1300 2057 1512 2099 Noverint
1542 2061 1640 2100 uni—

106 2118 287 2157 versitas
320 2120 461 2156 vestra
490 2130 567 2156 nos
598 2131 674 2170 pro
703 2131 845 2157 amore
878 2118 959 2158 Dei
991 2122 1037 2159 et
1068 2121 1332 2161 orationibus
1365 2128 1407 2162 et
1440 2122 1640 2164 fraterni-

106 2186 198 2222 tate
231 2181 422 2221 ecclesiae
443 2181 558 2221 beati
579 2181 767 2222 wilfridi
799 2182 852 2221 de
875 2182 1029 2236 Ripon.
1053 2184 1223 2225 dedisse
1246 2189 1291 2225 et
1312 2188 1574 2228 concessisse
1597 2195 1637 2229 et

107 2244 183 2285 hac
206 2246 409 2299 praesenti
430 2249 546 2285 carta
573 2250 719 2285 nostra
741 2246 1013 2287 confirmasse
1041 2248 1132 2288 Deo
1155 2253 1201 2288 et
1222 2249 1348 2289 beato
1369 2251 1568 2292 wilfrido
1588 2254 1641 2293 ad

106 2311 503 2364 augmentationem
525 2310 726 2349 cimiterii
756 2311 821 2350 sui
843 2311 956 2364 apud
977 2317 1190 2363 austrum,
1213 2313 1321 2354 illud
1344 2318 1640 2371 messuagium

179 2420 235 2463 (l)
263 2419 349 2454 This
374 2420 558 2455 venei-able
583 2420 806 2465 designation
835 2421 888 2455 for
913 2433 933 2455 a
958 2421 1104 2463 chureh,
1129 2423 1252 2469 dating
1277 2424 1369 2459 from
1395 2426 1456 2460 the
1490 2427 1576 2462 time
1606 2429 1647 2462 of

105 2471 352 2514 Constantine,
370 2472 398 2506 is
416 2477 478 2506 not
495 2478 557 2518 yet
582 2472 678 2518 quite
696 2472 864 2516 obsoleto,
883 2473 986 2518 being
1003 2474 1076 2508 still
1096 2476 1236 2521 applied
1255 2483 1292 2511 to
1309 2478 1443 2512 certain
1470 2479 1643 2514 churches

104 2524 138 2557 in
157 2524 282 2558 Rome.
333 2525 368 2558 It
386 2525 415 2559 is
433 2525 516 2559 used
537 2525 571 2558 in
590 2525 651 2559 the
669 2525 870 2560 dedication
891 2526 1096 2573 inscription
1115 2528 1155 2562 of
1168 2529 1310 2563 Jarrow
1327 2529 1460 2564 church
1479 2532 1556 2571 (cir.
1569 2543 1641 2570 A.1›,

103 2578 205 2620 (584),
234 2577 302 2611 and
331 2577 366 2611 in
392 2577 474 2612 that
503 2577 544 2611 of
570 2577 766 2611 Deerhurs‘t
787 2578 864 2622 (cir.
883 2589 954 2613 ΑΛ).
976 2580 1085 2621 1055)
1112 2581 1141 2614 is
1164 2581 1224 2615 the
1249 2583 1525 2629 corresponding
1548 2590 1640 2619 term

104 2631 113 2647 ⁴
129 2628 226 2674 regia
251 2629 356 2664 aula.'
405 2629 470 2664 See
495 2635 556 2664 too
581 2632 590 2649 ‘
607 2629 793 2664 Dedicatio
811 2630 964 2666 basilicae
983 2633 1109 2676 noraes
1133 2634 1228 2667 york
1248 2634 1444 2680 PontificaI,
1463 2637 1544 2671 325.

177 2682 234 2724 (2)
261 2681 427 2716 Portions
445 2681 485 2716 of
498 2681 571 2716 this
588 2681 750 2727 building
766 2682 840 2716 still
858 2683 1004 2728 remain,
1024 2685 1093 2719 and
1110 2685 1203 2719 from
1221 2686 1319 2720 these
1338 2687 1396 2720 Sir
1413 2688 1456 2722 G.
1476 2689 1520 2722 G.
1536 2689 1637 2724 Scott

105 2734 207 2768 made
233 2746 253 2767 a
277 2734 498 2780 conjectural
522 2735 617 2780 plan,
636 2735 706 2769 and
725 2735 835 2770 views
860 2736 900 2770 of
923 2737 984 2771 the
1010 2749 1101 2772 nave
1127 2739 1197 2772 and
1215 2739 1484 2775 chona—Arel«.
1511 2742 1637 2778 Jonrn.

105 2786 204 2819 xxxi.
223 2787 303 2820 309.
1398 2803 1404 2807 '

179 2839 235 2879 (3)
264 2838 445 2885 Probably
471 2851 537 2873 one
563 2839 603 2873 of
624 2839 685 2873 the
710 2851 806 2874 same
832 2840 955 2887 family
982 2854 1019 2875 as
1046 2842 1164 2889 Ralph
1191 2844 1232 2877 de
1262 2844 1431 2887 winton,
1464 2858 1576 2883 canon
1603 2850 1644 2883 of

109 2891 236 2937 Ripon,
254 2891 360 2925 about
381 2892 502 2925 whom
520 2903 575 2926 see
596 2892 697 2925 I-'uste'
714 2893 819 2927 Ebor.
840 2894 921 2930 261),
942 2906 975 2928 x.

863 2958 889 2985 11

1813 128 1871 174 97

1672 322 1738 352 The
1753 323 1848 361 chap-

1672 366 1720 390 ter
1734 363 1823 400 gives

1673 401 1732 431 five
1748 403 1855 432 marks

1672 441 1707 469 of
1718 442 1813 470 silvei·

1673 483 1733 509 and
1750 482 1854 519 rights

1673 521 1708 548 of
1727 521 1837 550 frater-

1674 561 1755 599 nity.

1745 1036 1811 1056 Am.

1682 1068 1865 1097 1154-1181.

1678 1123 1876 1161 Archbishop

1679 1162 1784 1199 Roger
1799 1167 1831 1192 to

1677 1202 1730 1231 the
1745 1202 1854 1231 fabric.

1677 1241 1746 1270 The
1763 1251 1830 1270 new

1678 1284 1685 1296 ⁸
1698 1281 1850 1310 basilica!

1677 2016 1806 2046 Samson
1823 2018 1860 2046 de

1677 2056 1818 2093 wigetot
1837 2063 1869 2085 to

1677 2097 1730 2124 the
1745 2097 1863 2125 vnum-h

1676 2137 1710 2163 Μ’
1726 2136 1833 2173 Ripon.

1679 2273 1835 2309 Enlnrge-

1678 2318 1764 2342 ment
1779 2315 1812 2341 os
