1935 3151
565 158 791 192 ORIGINAL
827 158 1115 193 DOCUMEN'rs.

83 270 283 310 tinenciis
305 270 506 323 praedicto
529 270 678 321 Alano,
700 269 941 311 haeredibus
973 275 1017 311 et
1049 272 1279 326 assignatis
1306 274 1408 323 suis,
1430 275 1613 328 integre,

82 335 230 385 libere,
282 339 326 374 et
376 335 523 387 quiete
574 335 926 389 imperpetuum3
970 335 1206 377 Reddendo
1248 338 1347 377 inde
1388 340 1612 378 annuatim

82 397 256 438 Thomce
278 398 330 437 de
352 397 656 452 Merkyngfeld
677 399 850 438 domino
881 399 933 438 de
956 398 1275 454 Merkyng‘feld,
1297 400 1537 441 haeredibus
1569 406 1613 442 et

82 462 308 516 assignatis
345 462 431 500 suis
468 462 803 514 imperpetuum,
837 462 1064 502 duodecim
1097 464 1292 505 denarios
1318 466 1371 505 ad
1407 466 1613 506 terminos

85 526 233 567 Sancti
255 526 435 565 Martini
466 526 511 564 in
534 524 688 578 hyeme
710 529 754 565 et
785 526 1063 567 Pentecostes
1084 541 1161 580 per
1188 529 1371 582 aequales
1392 530 1614 582 porciones

83 603 159 644 pro
199 589 316 629 omni
354 589 531 629 servicio
565 589 768 640 saeeulan‘,
801 591 1040 641 exaccione,
1078 595 1123 631 et
1155 592 1379 633 demanda.
1439 594 1497 633 Et
1538 607 1614 633 nos

83 653 312 707 praedictus
334 652 562 702 Robertus,
579 653 807 704 Robertus,
824 654 852 694 J
854 652 1059 705 ohannes,
1073 656 1295 708 capellani,
1310 660 1354 697 et
1370 657 1614 697 Willelmus

83 721 130 758 et
150 716 339 756 haeredes
360 717 495 756 nostri
518 717 770 769 praedictum
792 721 1094 758 tenementum
1115 733 1214 759 cum
1231 721 1318 760 suis
1334 722 1614 774 pertinenciis

83 781 288 836 praedicto
329 780 479 830 Alano,
515 779 758 821 haeredibus
799 785 845 821 et
885 783 1112 836 assignatis
1155 784 1243 823 suis
1284 789 1432 825 contra
1465 799 1614 826 omnes

83 847 238 900 gentes
260 844 631 885 warantizabimus
653 847 698 885 et
718 844 999 886 defendemus
1020 847 1357 901 imperpetuum.
1418 849 1471 888 In
1491 849 1614 904 cujus

82 910 145 949 rei
165 908 464 948 testimonium
485 907 585 948 huic
606 910 807 962 praesenti
829 912 954 949 cartae
982 914 1137 951 nostrae
1160 912 1300 966 sigilla
1321 916 1463 953 nostra
1485 925 1615 967 appo-

84 972 261 1012 suimus.
322 972 420 1011 Hiis
441 972 641 1023 testibus,
662 972 880 1012 willelmo
902 973 1105 1025 Maleore,
1128 974 1389 1016 Christofero
1409 977 1614 1029 Maleore,

82 1035 303 1075 willelmo
353 1035 406 1075 de
448 1034 651 1086 Nethele,
692 1036 910 1076 willelmo
961 1038 1014 1077 de
1056 1037 1282 1090 Thanfeld,
1323 1039 1520 1082 Johanne
1561 1043 1614 1082 de

83 1098 298 1153 Whixley,
321 1102 365 1139 et
395 1099 504 1139 aliis.
566 1099 664 1139 Dat.
695 1100 809 1152 apud
831 1100 996 1154 Rypon'
1026 1102 1164 1155 primo
1195 1103 1263 1143 die
1297 1105 1455 1144 mensis
1477 1105 1614 1157 Junii,

84 1164 208 1203 Anno
253 1164 377 1218 regni
418 1164 531 1218 regis
573 1163 750 1203 Hemici
792 1163 936 1218 quinti
976 1169 1073 1219 post
1114 1171 1407 1220 conquaestum
1448 1170 1614 1224 Angliae

84 1228 232 1268 tercio.

132 1383 359 1418 CLXXVII.
395 1381 569 1418 GRANT
602 1382 665 1418 OF
698 1384 735 1418 A
769 1382 1055 1428 MESSUAGE,
1089 1384 1211 1429 ETG„
1244 1386 1299 1421 IN
1332 1387 1565 1424 SHAROW.

432 1461 576 1506 (RIPON
601 1462 784 1496 CHAPTER
808 1461 886 1497 MS.
937 1461 1002 1497 See
1020 1462 1087 1498 No.
1106 1466 1267 1511 CLXXII.)

173 1542 382 1584 Omnibus
402 1542 455 1582 ad
477 1555 580 1595 quos
602 1555 785 1595 praesens
806 1543 1049 1596 pervenerit
1070 1545 1292 1598 scriptum,
1313 1548 1341 1589 J
1343 1546 1532 1589 ohannes
1563 1550 1616 1590 de

86 1606 345 1660 Pokethorp'
388 1606 440 1646 de
492 1605 747 1656 Disseforth,
789 1610 834 1647 et
874 1607 1010 1647 Alicia
1050 1621 1156 1648 uxor
1198 1610 1305 1664 ejus,
1347 1613 1532 1653 salutem
1571 1615 1617 1654 in

86 1672 284 1712 Domino.
345 1670 561 1710 Noveritis
592 1684 669 1710 nos
700 1670 882 1721 dedisse,
914 1673 1184 1724 concessisse,
1223 1679 1267 1715 et
1296 1674 1377 1716 hac
1416 1680 1617 1730 praesenti

87 1739 204 1776 carta
224 1737 369 1774 nostra
389 1734 659 1773 confirmasse
681 1734 847 1789 Rogero
870 1734 1019 1775 Crome
1041 1739 1086 1776 et
1107 1736 1134 1777 J
1137 1736 1296 1778 ohanni
1313 1740 1467 1794 Pygot,
1482 1756 1618 1782 unum

88 1799 395 1853 messuagium,
417 1801 599 1851 quatuor
622 1797 765 1848 tostas,
780 1796 862 1853 (et)
876 1799 1089 1839 sexdecim
1111 1813 1225 1841 acras
1238 1805 1362 1843 terrae
1383 1805 1428 1843 in
1451 1805 1552 1846 villa
1573 1809 1619 1846 et

87 1863 304 1903 territorio
339 1863 392 1902 de
428 1860 647 1902 Scharowe
679 1860 807 1915 juxta
843 1862 1009 1915 Ripon’,
1044 1877 1142 1903 cum
1174 1866 1371 1907 omnibus
1404 1869 1490 1908 suis
1523 1884 1619 1923 per-

88 1927 304 1967 tinenciis.
366 1925 575 1965 Habenda
608 1928 653 1965 et
683 1926 872 1966 tenenda
912 1927 1055 1967 omnia
1091 1929 1294 1980 praedicta
1333 1934 1618 1987 mesuagium,

87 1990 210 2040 tofta,
251 1993 297 2030 et
337 1993 512 2039 terram,
559 2003 657 2029 cum
700 1990 786 2029 suis
828 1990 1121 2043 pertinenciis,
1163 1992 1325 2033 eisdem
1365 1994 1534 2050 Rogero
1575 2002 1620 2038 et

90 2053 291 2104 Johanni,
324 2052 566 2093 haeredibus
601 2056 645 2093 et
681 2053 909 2107 assignatis
942 2054 1029 2093 suis
1058 2054 1395 2109 imperpetuum,
1424 2060 1477 2100 de
1502 2063 1618 2114 capi-

88 2118 249 2158 talibus
280 2118 466 2158 dominis
489 2116 603 2156 feodi
633 2116 766 2166 illius,
788 2130 864 2170 per
895 2118 1073 2157 servicia
1093 2119 1194 2159 inde
1216 2120 1364 2161 debita
1385 2126 1429 2162 et
1450 2123 1502 2163 de
1519 2124 1619 2178 jure

89 2184 306 2222 consueta.
367 2181 425 2221 Et
445 2194 521 2220 nos
542 2180 736 2234 praedicti
757 2181 785 2221 J
788 2179 977 2221 ohannes
999 2182 1051 2222 de
1073 2181 1331 2237 Pokethorp'
1353 2189 1396 2225 et
1418 2187 1553 2228 Alicia
1575 2191 1621 2228 et

88 2244 277 2285 haeredes
306 2245 456 2295 nostri,
489 2244 691 2297 praedicta
726 2246 1030 2299 messuagium,
1063 2245 1209 2295 tostas,
1246 2251 1289 2287 et
1320 2252 1492 2301 terram,
1521 2265 1620 2292 cum

91 2308 289 2349 omnibus
307 2309 392 2348 suis
408 2308 701 2361 pertinenciis,
715 2307 901 2360 praefatis
918 2308 1083 2362 Rogero
1100 2313 1143 2349 et
1158 2310 1185 2350 J
1188 2308 1362 2363 ohanni,
1379 2311 1620 2356 haeredibus

93 2375 136 2412 et
157 2373 384 2427 assignatis
406 2372 508 2422 suis,
522 2375 670 2411 contra
685 2385 833 2412 omnes
846 2377 999 2426 gentes
1016 2374 1381 2416 warantizabimus
1404 2382 1449 2418 et
1470 2378 1619 2419 defen-

89 2435 240 2476 demus
261 2436 594 2489 imperpetuum.
647 2435 700 2475 In
723 2434 844 2489 cujus
866 2437 928 2475 rei
950 2437 1249 2478 testimonium
1271 2443 1470 2492 praesenti
1493 2446 1620 2483 cartae

89 2503 244 2539 nostrae
286 2499 427 2552 sigilla
466 2502 610 2538 nostra
649 2500 938 2552 apposuimus
1001 2500 1098 2539 Hiis
1138 2502 1337 2553 testibus,
1380 2505 1620 2547 Alexandro

89 2562 131 2602 N
132 2563 268 2616 owyll,
290 2563 470 2602 Ricardo
500 2562 554 2602 de
587 2561 732 2613 Gren',
754 2563 782 2603 J
784 2561 952 2603 ohanne
983 2563 1036 2603 de
1060 2564 1204 2615 Gren',
1226 2565 1443 2608 willelmo
1465 2569 1619 2622 stowe,

1751 151 1843 199 287

1649 357 1730 386 Rent
1745 357 1780 386 of

1648 396 1715 424 12d.
1732 400 1764 425 to
1779 397 1833 426 the

1648 435 1715 463 lord
1737 436 1770 464 of

1649 473 1795 503 Marken-

1648 513 1728 542 field.

1650 991 1838 1023 witnesses.

1649 1119 1732 1149 June
1749 1122 1774 1150 1.

1651 1573 1720 1595 A.D.
1737 1566 1825 1597 1419.

1651 1620 1735 1650 John
1751 1621 1788 1649 de

1652 1660 1813 1697 Pokthorp

1651 1703 1683 1728 to
1699 1699 1802 1737 Roget

1652 1738 1762 1768 Crome

1651 1778 1712 1805 and
1724 1777 1810 1806 John

1652 1816 1767 1855 Pygot.

1653 2520 1835 2552 Witnesses,

89 2626 268 2666 Ricardo
290 2626 444 2676 Stowe,
465 2629 510 2666 et
530 2626 749 2665 Willelmo
780 2626 833 2665 de
855 2624 1115 2678 Clotherom,
1138 2632 1182 2668 et
1213 2629 1322 2670 aliis.
1384 2631 1482 2672 Dat.
1505 2635 1618 2687 apud
1651 2654 1732 2692 Apr.
1749 2653 1797 2683 26.

91 2688 322 2740 Scharowe,
343 2689 546 2729 vicesimo
577 2694 696 2729 sexto
722 2689 792 2729 die
813 2689 986 2742 Aprilis,
1008 2691 1132 2731 Anno
1161 2693 1284 2746 regni
1306 2695 1418 2748 regis
1440 2695 1619 2738 Henrici

90 2754 232 2806 quinti
253 2756 350 2806 post
370 2756 664 2805 conquaestum
684 2752 852 2806 Angliae
874 2754 1071 2806 septimo.

181 2815 280 2857 Two
294 2814 453 2856 Zabels:
483 2814 596 2856 scale
615 2828 740 2869 gone.

183 2878 429 2930 Endorsed,
450 2878 504 2920 in
527 2878 637 2920 lateo·
663 2877 800 2930 hand,
822 2880 876 2919 A⁰
898 2879 1038 2934 Regni
1060 2880 1192 2935 Regis
1213 2881 1389 2923 Henrici
1411 2885 1553 2938 quinti
1578 2888 1622 2928 70
