1935 3151
567 140 733 175 ORIGIN
737 140 794 174 AL
830 140 1117 175 DOCUMENTS.

81 255 297 294 statutum
318 251 370 292 de
393 252 560 292 Actoun
584 252 777 303 BurneII,
799 252 1015 307 obligetur
1029 253 1247 294 Willelmo
1268 253 1321 294 de
1340 253 1513 294 Acaster
1529 254 1611 294 civi

84 317 209 357 Ebor.
232 317 277 356 in
299 320 474 356 centum
496 315 614 355 libris
638 316 961 371 sterlingorum,
985 317 1198 357 solvendis
1221 317 1363 357 eidem
1381 317 1612 368 Willelmo,

85 381 152 420 vel
184 380 278 434 ejus
308 380 360 419 ad
393 383 659 419 attornatum
690 380 802 433 apud
834 380 961 420 Ebor.
993 380 1045 420 ad
1087 381 1250 421 festum
1283 379 1454 421 Paschae
1495 394 1612 434 prox.

85 443 283 484 futurum
318 446 414 496 post
449 443 566 483 diem
600 443 881 483 confeccionis
915 445 1213 497 praesencium,
1254 448 1382 498 prout
1413 445 1458 484 in
1499 444 1614 485 dicto

86 511 249 547 statuto
269 507 439 560 plenius
460 507 718 547 continetur.
781 507 838 547 Et
859 508 993 547 eciam
1022 522 1120 549 cum
1143 509 1371 561 praedictus
1393 508 1419 549 J
1423 507 1612 549 ohannes

85 571 323 612 feoffaverit
354 571 605 624 praedictum
627 571 897 611 Willelmum
927 572 980 612 de
1012 573 1202 612 manerio
1234 586 1309 613 suo
1339 573 1391 613 de
1424 573 1612 613 Asmun-

82 635 216 689 derby
237 648 335 675 cum
357 634 557 674 omnibus
578 635 856 687 pertinenciis
879 636 980 686 suis,
1002 639 1045 676 et
1063 636 1117 676 de
1131 636 1346 677 Willelmo
1367 637 1407 676 10
1422 636 1611 689 Grayne,

82 700 227 738 nativo
268 711 358 748 suo,
389 711 488 737 cum
529 701 620 738 tota
653 698 823 752 sequela
865 712 954 749 sua,
997 698 1243 740 habendum
1283 704 1330 741 et
1370 701 1610 740 tenendum

78 762 256 815 praefato
277 761 497 801 willelmo
528 761 581 801 de
614 762 804 813 Acaster,
826 761 1068 803 haeredibus
1095 767 1140 804 et
1171 765 1398 819 assignatis
1421 765 1507 804 suis
1529 765 1610 804 im-

75 829 349 880 perpetuum,
370 829 499 879 prout
520 826 565 865 in
587 826 772 879 quadam
787 830 901 866 carta
913 826 1180 868 feoffamenti
1194 829 1294 868 inde
1309 828 1420 868 facta
1437 828 1608 882 plenius

74 894 143 930 est
163 902 426 943 expressum,
448 888 650 942 praefatus
672 889 916 930 Willelmus
948 890 1000 930 de
1023 891 1198 932 Acaster
1220 892 1314 933 vult
1344 896 1390 932 et
1411 892 1609 932 concedit

78 967 153 1007 pro
175 967 233 1004 se,
255 951 511 1002 haeredibus,
533 956 579 992 et
601 953 902 994 executoribus
925 955 1027 1005 suis,
1049 955 1161 1008 quod
1178 956 1212 994 si
1233 956 1350 996 idern
1364 956 1609 995 Willelmus

80 1017 133 1057 de
175 1018 364 1066 Acaster,
405 1015 610 1068 haeredes,
652 1020 697 1057 et
729 1018 935 1071 assignati
977 1019 1057 1069 sui,
1095 1017 1298 1070 habeant,
1330 1023 1524 1070 teneant,
1565 1023 1608 1059 et

80 1081 313 1135 gaudeant,
336 1080 486 1131 libere,
508 1081 693 1134 integre,
715 1081 841 1132 bene,
863 1085 909 1121 et
939 1082 985 1121 in
1006 1096 1125 1135 pace,
1149 1084 1240 1123 sine
1262 1084 1406 1137 aliquo
1427 1084 1611 1137 impedi-

81 1149 243 1196 mento,
284 1144 516 1198 ejeccione,
568 1147 615 1184 et
664 1145 909 1198 calumpnia
949 1145 1278 1200 cujuscumque,
1318 1151 1462 1188 totum
1502 1162 1610 1201 prae-

81 1209 248 1249 dictum
279 1209 523 1248 manerium
554 1208 606 1248 de
639 1209 954 1262 Asmunderby,
976 1224 1075 1250 cum
1107 1211 1309 1264 praedicto
1331 1211 1490 1262 nativo,
1512 1225 1611 1251 cum

80 1277 171 1312 tota
203 1272 376 1326 sequela
411 1285 500 1322 sua,
522 1286 621 1312 cum
652 1273 852 1313 omnibus
883 1275 1162 1326 pertinenciis
1195 1275 1398 1328 praedicto
1419 1275 1613 1315 manerio

78 1337 448 1389 qualitercumque
473 1336 781 1389 spectantibus,
795 1341 922 1389 prout
938 1339 1187 1378 continetur
1203 1339 1248 1378 in
1266 1343 1382 1378 carta
1395 1339 1612 1392 praedicta,

79 1400 280 1439 videlicet
300 1413 324 1439 a
337 1399 405 1439 die
423 1398 704 1439 confeccionis
719 1398 849 1453 hujus
862 1400 1119 1452 indenturae,
1137 1416 1271 1455 usque
1289 1402 1342 1442 ad
1360 1403 1612 1442 vicesimum

79 1467 279 1504 octavum
300 1464 418 1503 diem
438 1477 556 1516 prOX.
581 1467 676 1516 post
698 1463 860 1503 festum
884 1464 1033 1505 Sancti
1064 1466 1246 1505 Martini
1268 1467 1314 1506 in
1335 1480 1477 1519 yeme,
1499 1467 1611 1519 quod

81 1529 163 1568 erit
195 1528 319 1567 Anno
350 1527 526 1567 Domini
554 1526 789 1567 Millesimo
818 1532 938 1568 cccm⁰
973 1529 1301 1584 quadragesimo
1332 1544 1469 1579 nono;
1500 1534 1545 1570 et
1578 1531 1611 1569 si

82 1591 311 1645 praedictus
333 1590 533 1631 dominus
555 1590 583 1631 J
585 1589 776 1630 ohannes
799 1591 950 1631 eodem
964 1593 1167 1632 vicesimo
1181 1597 1330 1634 octavo
1351 1594 1419 1633 die
1439 1593 1613 1634 solverit

83 1654 256 1707 praefato
277 1654 497 1694 Willelmo
518 1654 570 1694 de
593 1654 768 1694 Acaster
789 1654 856 1694 vel
879 1654 971 1708 ejus
993 1656 1046 1695 ad
1063 1660 1330 1697 attornatum
1350 1658 1464 1710 apud
1486 1657 1611 1697 Ebor.

82 1718 128 1758 in
151 1718 275 1757 domo
295 1717 576 1757 habitacionis
598 1716 791 1770 ejusdem
814 1718 1022 1757 Willehm·
1044 1719 1096 1758 de
1119 1720 1308 1770 Acaster,
1331 1721 1614 1774 quadraginta

84 1781 212 1821 libras
234 1781 443 1821 bonorum
472 1783 515 1820 et
545 1780 753 1835 legalium
785 1781 1088 1836 sterlingorum
1110 1784 1294 1837 argenti,
1317 1788 1473 1823 extunc
1505 1798 1612 1837 pree-

80 1845 247 1885 dictum
269 1848 484 1884 statutum
505 1847 682 1884 centum
696 1843 904 1884 librarum
918 1859 966 1885 ac
983 1847 1186 1899 praedicta
1200 1851 1314 1886 carta
1330 1847 1613 1897 feoffamenti,

79 1912 127 1949 et
158 1909 315 1948 seisina
345 1908 506 1949 virtute
540 1907 736 1961 ejusdem
767 1912 905 1961 capta,
937 1909 1100 1949 nullius
1133 1910 1219 1950 sint
1251 1911 1439 1961 virtutis,
1462 1916 1505 1951 et
1537 1924 1613 1964 pro

83 1973 216 2013 nullis
267 1973 442 2012 omnino
494 1970 752 2021 habeantur,
795 1972 862 2012 vel
916 1974 950 2012 si
992 1973 1101 2013 forte
1143 1975 1373 2027 praedictus
1414 1975 1613 2015 dominus

79 2036 105 2077 J
109 2035 298 2076 ohannes
319 2035 524 2076 defecerit
546 2036 591 2075 in
614 2035 828 2076 solucione
851 2037 1150 2089 praedictarum
1173 2039 1456 2092 quadraginta
1478 2039 1609 2078 libra-

79 2113 176 2139 rum
197 2100 399 2153 praedicto
421 2099 623 2139 vicesimo
644 2102 793 2138 octavo
815 2100 883 2139 die
907 2114 1018 2153 prox.
1042 2105 1135 2154 post
1169 2101 1608 2154 praedictumsestum

82 2162 227 2203 Sancti
259 2162 453 2212 Martini,
475 2165 517 2202 et
550 2166 654 2201 tunc
686 2162 826 2201 dictus
848 2162 1094 2203 Willelmus
1126 2165 1178 2204 de
1208 2165 1397 2214 Acaster,
1419 2165 1611 2206 haeredes

83 2228 128 2265 et
148 2226 354 2280 assignati
377 2226 457 2276 sui,
478 2224 681 2275 habeant,
703 2229 897 2276 teneant,
919 2231 962 2266 et
994 2228 1229 2280 gaudeant,
1253 2229 1403 2279 libere,
1426 2230 1611 2283 integre,

83 2289 208 2339 bene,
231 2294 275 2329 et
295 2290 340 2328 in
361 2302 480 2342 pace,
501 2292 645 2329 totum
676 2289 928 2341 praeclictum
950 2291 1191 2330 manerium
1214 2305 1313 2331 cum
1334 2294 1612 2345 pertinenciis

84 2353 195 2392 sicut
227 2352 521 2405 supradictum
553 2356 635 2401 est,
660 2353 750 2391 sine
784 2352 928 2405 aliquo
960 2353 1286 2406 impedimento,
1319 2355 1544 2409 ejectione,
1567 2361 1611 2396 et

82 2416 325 2469 calumpnia
359 2415 682 2469 cujuscumque,
720 2429 854 2468 usque
892 2416 945 2455 ad
982 2416 1233 2457 vicesimum
1265 2423 1464 2458 octavum
1496 2420 1610 2459 diem

83 2493 197 2532 prox.
231 2483 327 2533 post
360 2478 523 2519 festum
561 2479 709 2519 Sancti
746 2480 925 2519 Martini
960 2481 1005 2520 111
1040 2495 1180 2534 yeme,
1217 2484 1331 2536 quod
1368 2484 1449 2522 erit
1487 2484 1612 2522 Anno

82 2543 254 2583 Domini
276 2543 510 2583 Millesimo
532 2547 652 2582 000ΪΠΟ
666 2543 1037 2598 quinquagesimo,
1055 2548 1096 2584 et
1114 2546 1148 2584 si
1165 2547 1394 2598 praedictus
1412 2547 1610 2586 dominus

81 2605 299 2646 Johannes
336 2606 486 2646 eodem
519 2606 721 2645 vicesimo
758 2606 827 2645 die
863 2607 1037 2647 solverit
1070 2609 1272 2661 praedicto
1305 2610 1525 2649 Willelmo
1559 2611 1611 2649 de

82 2670 257 2709 Acaster
277 2669 345 2709 vel
368 2669 461 2722 ejus
482 2669 535 2708 ad
557 2673 822 2708 attornatum
843 2671 957 2723 apud
972 2671 1098 2711 Ebor.
1115 2673 1160 2710 in
1183 2672 1308 2711 domo
1329 2671 1612 2712 habitacionis

83 2732 280 2785 ejusdem
320 2732 535 2772 willelmi
576 2733 860 2786 quadraginta
900 2733 1029 2773 libras
1070 2735 1279 2774 bonorum
1321 2740 1361 2774 et
1406 2735 1609 2790 legalium

85 2796 389 2849 sterlingorum
411 2796 593 2849 argenti,
615 2800 773 2836 extunc
804 2797 1056 2849 praedictum
1089 2802 1300 2838 statutum
1332 2812 1380 2838 ac
1411 2799 1609 2851 praedicta

86 2863 202 2915 cart-a
233 2859 512 2909 feoffamenti,
555 2863 597 2900 et
642 2860 795 2900 seisina
838 2874 912 2913 per
953 2862 1134 2902 eandem
1165 2866 1300 2915 capta,
1333 2862 1494 2903 nullius
1526 2863 1609 2903 sint

1750 130 1843 179 279

1650 259 1773 289 Rceiles

1649 300 1730 328 bond
1747 300 1778 328 iu

1650 338 1726 367 100l.
1744 342 1775 366 to
1790 347 1834 368 se-

1647 386 1718 407 cure
1733 378 1790 406 401.

1649 520 1774 550 Recites

1646 560 1809 589 seofl'ment

1648 600 1683 628 of
1699 608 1807 628 manor

1645 638 1678 667 of
1687 638 1822 667 Asmun-

1647 678 1746 715 derby
1761 677 1825 705 and

1644 717 1678 745 of
1690 725 1708 745 a
1723 716 1791 745 neif

1643 756 1722 784 with
1738 755 1810 784 wife

1644 795 1706 823 and
1722 795 1800 823 chil-

1643 834 1729 863 dren.

1645 1032 1826 1062 Covenants

1646 1072 1692 1100 for
1708 1072 1813 1100 avoid-

1645 1120 1720 1139 ance
1736 1120 1768 1139 or
1784 1120 1828 1139 rc-

1648 1154 1808 1188 paymcut,

1647 1421 1686 1440 ou
1703 1412 1754 1441 the
1771 1413 1845 1441 2sth

1648 1452 1711 1489 day
1727 1452 1807 1480 after

1649 1490 1694 1519 St.
1716 1490 1846 1527 Martin,

1650 1530 1724 1558 1349

1649 1568 1742 1607 (Dec.
1757 1570 1791 1607 9)
1804 1581 1811 1605 ;

1644 2060 1678 2079 or
1694 2052 1725 2079 in
1741 2052 1791 2080 dc-

1646 2091 1736 2126 fault,

1647 2499 1773 2527 thenon
1790 2498 1844 2527 the

1645 2547 1729 2565 same
1745 2538 1807 2575 (lay

1644 2577 1677 2604 iu
1695 2577 1791 2611 1350;
