1935 3151
43 133 137 182 200

43 650 159 689 Bridge
167 660 241 680 near

43 689 179 720 Hutton.

40 1161 222 1192 Witnesses.

41 1697 165 1727 WValter
179 1698 216 1727 de

41 1737 212 1767 Nonewich

42 1778 74 1805 to
84 1777 193 1814 chapel
200 1777 234 1806 of

42 1814 87 1845 St.
102 1815 213 1846 Helen.

45 2397 229 2428 Witnesses.

755 148 1029 183 MEMORIALS
1064 149 1122 183 OF
1158 149 1317 183 RIPON.

275 260 636 301 sustentacionem
658 260 866 314 capellani
887 264 931 301 et
952 261 1093 301 clerici
1114 261 1159 300 in
1181 260 1343 314 capella
1365 260 1530 301 Sanctae
1552 259 1731 300 Helenae
1748 258 1803 300 de

273 323 520 378 Nonewych
561 324 740 365 honeste
782 325 1144 375 ministrancium,
1185 325 1231 363 in
1272 338 1424 377 puram
1466 327 1510 364 et
1545 327 1801 377 perpetuam

275 387 567 438 elemosinam,
598 388 707 428 illud
737 387 941 440 tophtum
972 388 1017 427 in
1048 388 1091 427 N
1093 386 1281 427 onewich
1313 387 1426 441 quod
1448 387 1659 427 Robertus
1689 387 1804 427 filius

276 451 478 491 Herberti
499 452 658 502 tenuit,
681 455 725 492 et
745 455 902 490 terram
924 463 1018 504 quae
1034 449 1150 504 jacet
1168 451 1286 490 inter
1306 450 1602 490 molendinum
1620 454 1664 490 et
1679 454 1805 490 vetus

276 518 478 569 stagnum
500 529 594 568 quae
616 518 789 554 vocatur
811 514 1176 568 Caremanriding,
1199 517 1244 554 et
1264 517 1422 553 terram
1443 528 1537 567 quae
1552 513 1670 566 jacet
1690 515 1805 554 inter

274 582 432 618 terram
453 579 633 618 Walteri
654 579 733 618 filii
765 579 972 618 Bernardi
994 581 1038 618 et
1059 578 1266 618 Willelmi
1289 578 1465 631 Pampe,
1480 578 1607 631 juxta
1626 582 1804 631 pontem

275 656 420 682 versus
462 643 607 682 Hoton
649 645 695 682 et
737 642 1033 683 Scottebuttes
1067 642 1113 681 in
1147 641 1559 693 Landwatbothemi,
1593 645 1639 682 et
1673 656 1804 682 unam

274 720 414 746 acram
434 710 559 746 terrae
582 720 708 760 supra
720 719 883 745 moram
899 705 1026 760 juxta
1037 709 1198 746 terram
1215 705 1414 760 Hugonis
1427 706 1644 759 praepositi
1657 720 1806 746 versus

273 773 440 823 partem
465 770 767 823 aquilonalem.
831 769 1025 810 Concessi
1048 771 1181 809 eciam
1203 770 1328 809 dictis
1350 769 1566 822 capellano
1589 773 1633 809 et
1654 770 1806 809 clerico

273 837 493 887 pasturam
526 837 571 874 et
601 835 839 873 asiamenta
870 834 923 873 ad
944 836 1039 873 octo
1071 833 1212 873 averia
1243 834 1332 873 sive
1363 833 1492 873 boves
1525 834 1614 873 sive
1644 847 1808 883 vaccas,

275 902 320 938 et
352 898 404 938 ad
436 899 595 953 viginti
627 912 739 938 oves.
801 898 894 951 Ego
926 898 1137 950 siquidem
1171 898 1508 950 praenominatus
1536 897 1729 951 Rogerus
1762 901 1808 936 et

273 960 464 1002 haeredes
485 963 572 1002 mei
593 962 987 1017 guarentizabimus
1011 965 1056 1001 et
1077 961 1359 1001 defendemus
1380 961 1649 1014 praescriptas
1671 964 1809 1000 terras

274 1039 372 1065 cum
414 1026 611 1066 omnibus
644 1026 937 1079 pertinenciis,
970 1029 1014 1065 et
1047 1026 1293 1078 praedictam
1330 1029 1562 1078 pasturam,
1598 1027 1806 1077 tanquam

272 1103 424 1142 puram
439 1093 483 1129 et
495 1094 747 1143 perpetuam
766 1089 1042 1129 elemosinam
1055 1092 1259 1138 nostram,
1275 1093 1422 1128 contra
1435 1102 1582 1128 omnes
1595 1087 1805 1128 homines.

275 1153 373 1193 Hiis
386 1154 586 1203 testibus,
601 1153 896 1207 MagistrisVV.
908 1153 1151 1201 Aureliano,
1165 1153 1214 1192 A.
1230 1152 1282 1192 de
1297 1151 1583 1203 Richemund,
1598 1151 1808 1192 Gaufrido

272 1217 324 1256 de
339 1217 542 1267 Lardour,
557 1217 769 1257 canonicis
784 1231 794 1264 3
815 1216 1032 1256 willelmo
1048 1216 1192 1265 Ward,
1206 1216 1234 1256 J
1236 1215 1403 1255 ohanne
1417 1216 1611 1266 Aleman,
1627 1215 1805 1256 Samson

273 1280 325 1320 de
357 1281 567 1334 Wigetot,
599 1281 786 1321 Roberto
817 1280 869 1320 de
901 1279 1161 1329 Munketon,
1194 1279 1375 1319 Ricardo
1406 1280 1729 1330 Imbreviatore,
1761 1282 1806 1319 et

273 1344 422 1384 multis
446 1344 555 1384 aliis.

378 1509 480 1545 0111.
515 1509 689 1545 GRANT
723 1509 785 1545 OF
818 1509 960 1544 LAND
995 1509 1056 1544 TO
1089 1509 1297 1544 CHAPEL
1335 1510 1401 1543 AT
1439 1509 1699 1544 NUNWICK.

763 1596 1055 1641 (DARNBROUGH
1080 1595 1160 1630 MS.
1185 1595 1330 1639 xxxiii.)

362 1682 582 1722 Universis
613 1680 772 1722 Christi
803 1681 1003 1722 fidelibus
1033 1681 1086 1722 ad
1117 1696 1222 1735 quos
1253 1696 1438 1736 praesens
1469 1683 1675 1735 seriptum
1705 1695 1805 1735 per-

273 1747 454 1796 venerit,
476 1745 694 1786 walterus
727 1745 780 1785 de
803 1744 1051 1797 Nonewich‚
1081 1746 1279 1786 salutem.
1341 1745 1522 1786 Noverit
1548 1746 1804 1785 universitas

272 1813 413 1850 vestra
433 1823 503 1849 me
526 1809 693 1849 Divinae
714 1810 889 1863 pietatis
909 1810 1076 1849 intuitu
1102 1810 1357 1849 concessisse
1390 1813 1435 1849 et
1455 1809 1638 1860 dedisse,
1660 1813 1704 1849 et
1725 1808 1805 1849 hac

272 1874 471 1927 praesenti
494 1876 611 1913 carta
632 1886 727 1912 mea
748 1872 1032 1924 confirmasse,
1055 1873 1145 1913 Deo
1176 1877 1222 1913 et
1242 1873 1416 1926 capellae
1437 1873 1603 1913 Sanetae
1625 1872 1805 1913 Helenae

273 1938 326 1977 de
358 1935 605 1987 Nonewich,
626 1937 672 1976 in
702 1950 855 1990 puram
887 1940 932 1976 et
962 1940 1217 1990 perpetuam
1248 1937 1539 1987 elemosinam,
1560 1950 1636 1990 pro
1668 1936 1806 1976 salute

275 2002 428 2041 animae
450 2014 557 2041 meae
579 2003 624 2040 et
639 2004 957 2040 antecessorum
980 2003 1024 2040 et
1044 2004 1273 2054 parentum
1296 2003 1339 2040 et
1355 2001 1589 2040 amicorum
1610 2013 1806 2040 meorum

276 2065 650 2118 subsequencium,
681 2064 733 2103 ad
764 2064 1074 2104 inveniendum
1108 2065 1471 2104 sustentacionem
1511 2063 1718 2117 capellani
1761 2066 1807 2103 et

273 2128 415 2168 clerici
438 2129 481 2167 in
504 2128 655 2167 eadem
685 2127 849 2180 capella
870 2127 961 2166 Deo
983 2130 1028 2166 et
1057 2127 1223 2167 Sanctae
1246 2127 1424 2167 Helenae
1445 2127 1805 2176 ministrancium,

273 2195 408 2232 totam
431 2195 590 2231 terram
611 2191 729 2230 illam
751 2205 845 2244 quae
867 2194 1040 2230 vocatur
1062 2191 1336 2242 Kirkeflikes,
1351 2192 1465 2230 inter
1486 2191 1645 2231 dictam
1666 2190 1806 2244 capel-

275 2255 361 2294 lam
393 2258 437 2295 et
468 2268 621 2308 aquam
653 2255 706 2294 de
739 2253 873 2295 Shor¹
898 2267 1044 2294 versus
1075 2258 1285 2294 austrum.
1347 2255 1409 2295 Ut
1429 2258 1576 2295 autem
1598 2253 1689 2294 haec
1709 2267 1806 2294 mea

274 2319 449 2358 donacio
479 2332 503 2358 a
533 2318 706 2358 nemine
737 2318 782 2358 in
813 2318 995 2371 posteris
1025 2317 1289 2371 temporibus
1319 2318 1455 2370 possit
1485 2317 1678 2371 infringi,
1699 2330 1807 2370 prae-

277 2385 443 2421 sentem
465 2382 666 2434 paginam
689 2381 820 2434 sigilli
842 2381 927 2422 mei
949 2382 1217 2434 apposicione
1239 2380 1445 2421 roboravi.
1488 2382 1585 2420 Hiis
1605 2380 1806 2429 testibus,

277 2445 497 2499 Magistris
518 2445 585 2484 W.
604 2444 848 2494 Aureliano,
871 2445 920 2486 A.
943 2445 997 2485 de
1014 2444 1296 2495 Richemond,
1314 2444 1521 2485 Gaufrido
1538 2444 1590 2484 de
1607 2444 1806 2494 Lardero,

276 2508 490 2548 canonicis
508 2507 559 2546 de
577 2507 730 2560 Ripon‘
745 2521 755 2555 ;
788 2507 1004 2548 Willelmo
1020 2509 1163 2558 Ward,
1181 2508 1208 2548 J
1210 2506 1377 2548 ohanne
1391 2508 1584 2558 Aleman,
1599 2507 1807 2547 Gaufrido

277 2572 328 2612 de
361 2570 666 2625 Markingfeld,
700 2571 887 2611 Roberto
918 2571 970 2611 de
1002 2571 1258 2621 Munketon,
1292 2571 1492 2612 Samsone
1524 2571 1577 2611 de
1598 2571 1806 2624 XVigetot,

278 2635 495 2675 willelmo
545 2635 597 2674 de
651 2633 807 2686 Salley,
849 2634 1039 2674 Waltero
1089 2639 1135 2675 et
1175 2635 1390 2675 willelmo
1440 2635 1493 2675 de
1536 2633 1806 2684 Clutherum,

279 2699 458 2738 Ricardo
482 2698 805 2746 Imbreviatore,
829 2700 872 2737 et
894 2697 1001 2737 aliis.

705 2793 712 2813 ¹
742 2793 788 2826 So
807 2792 840 2826 in
861 2792 950 2831 MS..
969 2792 1148 2828 doubtless
1169 2793 1220 2827 for
1238 2798 1246 2814 ¹
1262 2793 1378 2828 Yore.'
