1955 3068
602 119 710 152 ORIG
719 119 827 152 INAL
864 118 1150 152 DOCUMENTS.

108 230 330 272 stabimus
354 235 456 272 (wite
478 229 700 272 tribunall
724 229 905 282 Christi,
936 230 1160 286 'recept-nri
1186 235 1327 286 prout
1348 231 1567 284 yessimus
1594 231 1643 273 in

107 310 300 351 corpore,
323 294 414 336 sive
436 294 604 336 bonum
629 294 719 336 sive
748 295 940 346 malum,
963 300 1132 350 oportet
1163 311 1240 336 nos
1271 297 1387 336 diem
1419 298 1643 336 messionis

108 366 312 400 extremae
335 360 636 400 misericordiae
658 360 858 413 operibus
880 361 1128 414 praevenire,
1143 367 1185 400 et
1201 364 1459 401 aeternorum
1478 362 1644 401 intuitu

109 426 318 465 seminare
351 425 395 463 111
432 425 570 473 terris,
603 425 731 477 quod,
753 425 961 464 reddente
995 425 1192 474 Domino,
1225 439 1323 465 cum
1355 425 1644 478 multiplicato

107 488 252 528 fructu
284 488 505 542 colligere¹
531 489 764 529 debeamus
797 490 842 528 in
874 489 1005 539 coelis,
1028 490 1193 529 firmam
1217 503 1335 543 spem
1357 489 1642 542 fiduciamque

107 557 310 593 tenentes
343 554 544 607 quoniam
577 551 659 607 qui
690 566 826 607 parce
857 552 1052 593 seminat
1077 567 1215 608 parce
1248 557 1284 594 et
1316 557 1455 603 metet,
1491 557 1526 594 et
1561 552 1643 607 qni

107 616 301 657 seminat
323 615 377 657 *in
407 615 787 657 benedictionibus
813 615 865 657 (Ze
895 615 1274 658 benedictionibus
1297 620 1333 657 ct
1355 620 1482 657 ‘metet
1508 617 1642 656 vitam

107 684 326 720 aeternam.
400 681 508 721 Inde
550 684 618 721 est
658 681 772 734 quod
813 681 1145 721 universitatem
1187 685 1372 721 vestram
1425 695 1642 735 rogamus,

107 743 360 784 inchoamus
382 743 503 801 (sic),
526 749 571 784 et
593 744 813 784 hortamur
835 745 879 784 in
903 745 1101 796 Domino,
1124 749 1254 798 atque
1277 746 1321 784 in
1345 746 1642 785 remissionem

105 815 373 861 peccatorum
392 809 508 849 vobis
525 809 812 863 injungimus,
826 815 927 863 quat
935 824 1040 850 enus
1057 810 1110 850 ad
1125 811 1439 863 reparacionem
1455 810 1642 850 ecelesiae

105 873 159 913 de
182 873 333 926 R-ypon
355 888 454 913 cum
476 874 671 927 indigeat
702 875 900 927 reparari,
923 888 1001 914 nec
1032 874 1086 914 ad
1108 872 1187 913 hoc
1210 875 1388 927 propriae
1412 878 1644 927 suppetant

105 936 348 987 facultates,
371 937 424 977 de
450 937 573 977 bonis
607 951 631 977 a
664 937 754 977 Deo
787 938 906 978 vobis
943 938 1152 978 concessis
1186 938 1276 991 pias
1313 938 1566 978 elemosinas
1599 943 1644 978 et

105 1005 230 1055 grata
271 1001 461 1042 subsidia
497 1001 741 1051 conferatis,
778 1005 830 1042 ut
870 1016 946 1055 per
988 1006 1130 1042 vestra
1171 1006 1215 1041 et
1257 1002 1441 1041 aliorum
1483 1001 1643 1042 Christi

105 1065 301 1106 fidelium
333 1065 535 1121 suffragia
566 1065 740 1119 praefata
773 1066 949 1106 ecclesia
980 1067 1121 1106 valeat
1147 1065 1329 1120 juvante
1362 1066 1544 1106 Domino
1576 1081 1642 1107 re-

104 1130 257 1183 parari,
280 1134 324 1169 et,
346 1144 418 1170 vos
447 1144 522 1183 per
547 1129 637 1170 haec
660 1134 704 1170 et
725 1130 808 1170 alia
829 1130 940 1170 bona
962 1144 1056 1183 quae
1078 1132 1171 1184 ipso
1193 1130 1377 1170 Domino
1404 1131 1640 1183 inspirante

104 1194 292 1234 feceritis
315 1194 366 1234 ad
389 1198 549 1234 aeterna
569 1194 790 1234 felicitatis
813 1195 970 1249 gaudia
984 1195 1236 1234 mereamini
1251 1195 1487 1247 pervenire.
1540 1195 1639 1236 Dat.

104 1258 252 1298 Romae
283 1258 397 1311 apud
430 1258 637 1298 Sanctum
669 1258 863 1309 Petrum,
886 1259 948 1312 xj⁰
969 1257 1170 1298 kalendas
1201 1258 1339 1310 Junii,
1362 1259 1639 1313 pontificatus

102 1323 239 1363 nostri
261 1336 372 1362 anno
393 1322 546 1376 primo.

777 1409 972 1456 (xxxv.)

192 1474 410 1515 Johannes
442 1476 691 1529 Episcopus,
715 1489 860 1515 servus
894 1489 1111 1516 servorum
1141 1477 1236 1526 Dei,
1259 1476 1493 1517 venerabili
1515 1477 1638 1517 fratri

102 1538 422 1593 archiepiscopo
451 1540 740 1589 Eboraeensi,2
775 1539 959 1579 salutem
989 1544 1034 1580 et
1062 1541 1338 1594 apostolicam
1371 1541 1638 1581 benediccio-

104 1618 218 1643 nem.
281 1603 552 1658 Significavit
573 1603 697 1643 nobis
719 1603 867 1644 dilecti
890 1604 967 1643 filii
993 1605 1233 1658 capitulum
1259 1605 1448 1645 ecclesiae
1474 1606 1637 1659 Ripon-

104 1669 232 1717 ensis,
256 1668 532 1707 Eboracensis
557 1668 751 1717 diocesis,
773 1668 887 1720 quod
912 1668 1111 1708 nonnulli
1142 1669 1388 1722 iniquitatis
1421 1669 1500 1708 filii
1531 1684 1636 1723 quos

102 1746 275 1786 prorsus
296 1732 528 1787 ignorant,³
548 1732 750 1783 decimas,
772 1733 983 1783 redditus,
1006 1747 1171 1784 census,
1203 1738 1352 1784 terras,
1381 1739 1515 1787 prata,
1538 1749 1635 1787 pos-

103 1797 325 1847 sessiones,
356 1797 649 1836 instrumenta
678 1796 863 1849 publica,
887 1801 931 1836 et
963 1797 1168 1837 nonnulla
1199 1797 1282 1837 alia
1304 1797 1413 1837 bona
1445 1799 1497 1838 ad
1519 1800 1635 1851 capi-

100 1861 244 1901 tulum
266 1862 380 1915 ipsos
401 1862 638 1914 spectantia
660 1866 822 1901 temere
845 1865 889 1902 et
919 1862 1138 1902 maliciose
1160 1862 1372 1902 occultare
1393 1877 1441 1902 ac
1472 1863 1635 1904 occulta

99 1925 295 1965 detinere
318 1929 600 1978 praesumunt,
617 1938 703 1965 non
721 1929 916 1965 curantes
934 1939 981 1965 ea
999 1925 1186 1978 praefatis
1208 1927 1396 1979 capitulo
1419 1926 1634 1979 exhibere,

99 1990 145 2028 in
167 1989 407 2028 animarum
426 2002 597 2028 suarum
612 1989 853 2041 periculum
871 1993 911 2028 et
929 1989 1117 2042 ipsorum
1132 1989 1310 2042 capituli
1324 2004 1409 2029 11011
1423 1991 1633 2030 modicam

100 2053 334 2103 laesionem,
350 2067 476 2106 super
497 2067 582 2106 quo
603 2053 733 2092 iidem
755 2053 993 2106 capitulum
1010 2053 1250 2107 apostolica?
1266 2053 1376 2093 sedis
1394 2055 1631 2094 remedium

99 2117 397 2170 implorarunt,
440 2117 643 2165 Quocirca
674 2116 937 2157 fraternitati
979 2122 1066 2157 tuae
1107 2131 1183 2171 per
1213 2118 1445 2171 apostolica
1477 2120 1634 2172 scripta

100 2182 368 2232 mandamus,
394 2182 598 2235 quatinus
630 2195 776 2221 omnes
805 2181 1054 2230 occultores,
1076 2181 1322 2221 detentores
1354 2182 1632 2233 decimarum,

100 2246 365 2296 reddituum,
405 2246 643 2285 censuum‘¹
686 2249 731 2285 et.
766 2246 947 2284 aliorum
979 2245 1188 2284 bonorum
1226 2247 1539 2299 praemissornm
1582 2260 1633 2286 ex

104 2313 221 2363 parte
244 2307 387 2349 nostra
408 2309 578 2363 publice
600 2310 644 2348 in
668 2309 858 2348 ecclesiis
880 2322 1018 2348 coram
1052 2309 1208 2362 populo
1239 2323 1314 2363 per
1342 2313 1387 2349 te
1410 2310 1475 2349 vel
1497 2310 1632 2349 alium

101 2387 176 2413 seu
196 2374 301 2413 alios
322 2387 508 2424 moneas,
531 2377 579 2413 ut
602 2373 711 2412 infra
735 2376 1053 2426 competentem
1078 2373 1316 2412 terminum
1342 2387 1468 2426 quem
1497 2375 1557 2414 eis
1579 2375 1631 2413 ad

99 2436 179 2477 1100
215 2437 458 2491 praefixeris,
490 2451 540 2477 ea
580 2438 709 2477 dictis
749 2437 937 2490 capitulo
978 2451 1001 2475 a
1044 2450 1087 2475 se
1129 2437 1274 2476 debita
1315 2438 1544 2477 restituant
1589 2442 1633 2477 et

99 2502 307 2552 revelent,
349 2516 397 2542 ac
438 2502 491 2542 de
524 2503 628 2555 ipsis
664 2502 834 2554 plenam
874 2507 915 2541 et
951 2501 1141 2541 debitam
1179 2502 1515 2543 satisfaccionem
1552 2504 1633 2542 iln-

100 2567 305 2619 pendant.
352 2567 410 2606 Et
428 2567 460 2605 si
479 2566 521 2605 id
539 2579 624 2605 non
643 2566 918 2619 impleverint
935 2566 950 2587 ⁵
972 2565 1079 2604 infra
1103 2565 1237 2605 alium
1259 2567 1494 2606 terminum
1517 2581 1632 2606 com-

98 2634 322 2683 petentem
353 2643 483 2683 quem
515 2630 576 2669 eis
606 2629 658 2669 ad
690 2628 768 2669 hoc
801 2630 1085 2683 peremptorie
1118 2630 1289 2668 duxeris
1310 2630 1632 2684 praefigendum,

99 2698 257 2734 extunc
292 2695 338 2734 in
370 2708 440 2734 eos
471 2693 717 2748 generalem
750 2694 1208 2733 excommunicacionis
1241 2695 1502 2734 sentenciam
1533 2708 1630 2748 pro-

242 2776 298 2819 (1)
325 2774 404 2810 MS.
422 2774 486 2809 has
503 2776 513 2794 ‘
526 2774 719 2820 collegere!
952 2775 1008 2818 (2)
1036 2773 1112 2808 MS.
1132 2774 1195 2808 has
1213 2776 1221 2792 ‘
1236 2773 1490 2810 Eboracensisff

242 2828 300 2872 (3)
327 2827 404 2863 MS.
422 2827 488 2862 has
505 2826 733 2873 ‘ig1101·ante.'
954 2827 1011 2871 (4)
1040 2826 1117 2861 MS.
1135 2826 1201 2860 has
1218 2829 1226 2845 ‘
1240 2825 1403 2862 sensum.V

621 2881 676 2922 (5)
706 2879 782 2914 MS.
802 2879 867 2914 has
885 2882 892 2897 ‘
909 2878 1130 2925 impleverit.'

1787 111 1873 158 117

1680 239 1768 269 Rom.
1786 241 1853 270 xiv.

1682 281 1725 308 10.

1679 321 1695 347 2
1706 319 1778 348 Cor.
1789 329 1820 349 v.
1833 321 1879 349 10.

1678 496 1717 524 s0.
1730 497 1758 525 4.

1678 558 1695 586 2
1709 558 1776 588 Cor.
1789 557 1834 587 ix.
1848 559 1875 586 6.

1677 1270 1721 1299 St.
1740 1270 1866 1309 Pctcffs,

1675 1309 1752 1348 May
1771 1311 1817 1339 22.

1674 1358 1743 1379 ΑΛ).
1762 1351 1846 1380 1285.

1673 1487 1872 1518 Johnxxu.

1674 1528 1835 1557 threatens

1672 1576 1841 1596 exconnnu

1672 1607 1811 1635 nic-arion

1673 1646 1798 1681 against

1672 1685 1797 1714 robbers
1812 1685 1846 1713 of

1672 1725 1725 1754 the
1741 1725 1870 1753 church.

1667 2444 1706 2472 fo.
1723 2445 1740 2472 4
1760 2455 1784 2473 υ.
