<?xml version="1.0" encoding="UTF-8"?>
<!DOCTYPE html PUBLIC "-//W3C//DTD XHTML 1.0 Transitional//EN"
    "http://www.w3.org/TR/xhtml1/DTD/xhtml1-transitional.dtd">
<html xmlns="http://www.w3.org/1999/xhtml" xml:lang="en" lang="en">
 <head>
  <title>
</title>
<meta http-equiv="Content-Type" content="text/html;charset=utf-8" />
  <meta name='ocr-system' content='tesseract 3.04.00' />
  <meta name='ocr-capabilities' content='ocr_page ocr_carea ocr_par ocr_line ocrx_word'/>
</head>
<body>
  <div class='ocr_page' id='page_1' title='image "./memorialsofchurc01fowl/memorialsofchurc01fowl_0353.png"; bbox 0 0 1935 3151; ppageno 0'>
   <div class='ocr_carea' id='block_1_1' title="bbox 740 191 991 224">
    <p class='ocr_par' dir='ltr' id='par_1_1' title="bbox 740 191 991 224">
     <span class='ocr_line' id='line_1_1' title="bbox 740 191 991 224; baseline 0 0"><span class='ocrx_word' id='word_1_1' title='bbox 740 191 991 224; x_wconf 80' lang='lat' dir='ltr'>API‘ENDIX.</span> 
     </span>
    </p>
   </div>
   <div class='ocr_carea' id='block_1_2' title="bbox 98 298 1637 2733">
    <p class='ocr_par' dir='ltr' id='par_1_2' title="bbox 98 298 1637 2733">
     <span class='ocr_line' id='line_1_2' title="bbox 101 298 1631 357; baseline -0.004 -13"><span class='ocrx_word' id='word_1_2' title='bbox 101 303 312 345; x_wconf 87' lang='lat' dir='ltr'>Omnibus</span> <span class='ocrx_word' id='word_1_3' title='bbox 335 301 517 352; x_wconf 81' lang='lat' dir='ltr'>Sanctis,</span> <span class='ocrx_word' id='word_1_4' title='bbox 539 305 585 343; x_wconf 91' lang='lat' dir='ltr'>ct</span> <span class='ocrx_word' id='word_1_5' title='bbox 605 316 756 357; x_wconf 88' lang='lat' dir='ltr'>corpus</span> <span class='ocrx_word' id='word_1_6' title='bbox 777 317 925 343; x_wconf 87' lang='lat' dir='ltr'>meum</span> <span class='ocrx_word' id='word_1_7' title='bbox 956 302 1010 343; x_wconf 88' lang='lat' dir='ltr'>ad</span> <span class='ocrx_word' id='word_1_8' title='bbox 1033 302 1331 356; x_wconf 89' lang='lat' dir='ltr'>sepeliendum</span> <span class='ocrx_word' id='word_1_9' title='bbox 1351 301 1396 340; x_wconf 88' lang='lat' dir='ltr'>in</span> <span class='ocrx_word' id='word_1_10' title='bbox 1419 298 1631 340; x_wconf 85' lang='lat' dir='ltr'>cimiterio</span> 
     </span>
     <span class='ocr_line' id='line_1_3' title="bbox 101 366 1632 422; baseline -0.004 -14"><span class='ocrx_word' id='word_1_11' title='bbox 101 368 225 408; x_wconf 80' lang='lat' dir='ltr'>Beati</span> <span class='ocrx_word' id='word_1_12' title='bbox 247 367 367 407; x_wconf 82' lang='lat' dir='ltr'>Petri</span> <span class='ocrx_word' id='word_1_13' title='bbox 389 366 555 420; x_wconf 87' lang='lat' dir='ltr'>Ripon’.</span> <span class='ocrx_word' id='word_1_14' title='bbox 618 368 733 408; x_wconf 88' lang='lat' dir='ltr'>Item</span> <span class='ocrx_word' id='word_1_15' title='bbox 755 368 853 422; x_wconf 89' lang='lat' dir='ltr'>lego</span> <span class='ocrx_word' id='word_1_16' title='bbox 875 380 1018 407; x_wconf 87' lang='lat' dir='ltr'>meam</span> <span class='ocrx_word' id='word_1_17' title='bbox 1039 368 1248 420; x_wconf 80' lang='lat' dir='ltr'>optimam</span> <span class='ocrx_word' id='word_1_18' title='bbox 1270 371 1416 420; x_wconf 85' lang='lat' dir='ltr'>togam</span> <span class='ocrx_word' id='word_1_19' title='bbox 1438 377 1513 418; x_wconf 90' lang='lat' dir='ltr'>pro</span> <span class='ocrx_word' id='word_1_20' title='bbox 1534 376 1632 403; x_wconf 90' lang='lat' dir='ltr'>meo</span> 
     </span>
     <span class='ocr_line' id='line_1_4' title="bbox 99 430 1631 485; baseline -0.005 -13"><span class='ocrx_word' id='word_1_21' title='bbox 99 433 346 472; x_wconf 87' lang='lat' dir='ltr'>mortuario.</span> <span class='ocrx_word' id='word_1_22' title='bbox 409 432 525 471; x_wconf 91' lang='lat' dir='ltr'>Item</span> <span class='ocrx_word' id='word_1_23' title='bbox 556 431 653 485; x_wconf 87' lang='lat' dir='ltr'>lego</span> <span class='ocrx_word' id='word_1_24' title='bbox 684 432 1008 485; x_wconf 83' lang='lat' dir='ltr'>quatuordecim</span> <span class='ocrx_word' id='word_1_25' title='bbox 1040 432 1169 472; x_wconf 87' lang='lat' dir='ltr'>libras</span> <span class='ocrx_word' id='word_1_26' title='bbox 1200 445 1306 471; x_wconf 78' lang='lat' dir='ltr'>cerae</span> <span class='ocrx_word' id='word_1_27' title='bbox 1337 430 1449 469; x_wconf 87' lang='lat' dir='ltr'>circa</span> <span class='ocrx_word' id='word_1_28' title='bbox 1479 440 1631 480; x_wconf 87' lang='lat' dir='ltr'>corpus</span> 
     </span>
     <span class='ocr_line' id='line_1_5' title="bbox 99 491 1632 549; baseline -0.003 -14"><span class='ocrx_word' id='word_1_29' title='bbox 99 509 246 536; x_wconf 82' lang='lat' dir='ltr'>meum</span> <span class='ocrx_word' id='word_1_30' title='bbox 295 495 492 536; x_wconf 83' lang='lat' dir='ltr'>ardendae</span> <span class='ocrx_word' id='word_1_31' title='bbox 542 499 666 535; x_wconf 88' lang='lat' dir='ltr'>nocte</span> <span class='ocrx_word' id='word_1_32' title='bbox 718 500 763 535; x_wconf 90' lang='lat' dir='ltr'>et</span> <span class='ocrx_word' id='word_1_33' title='bbox 814 496 882 535; x_wconf 89' lang='lat' dir='ltr'>die</span> <span class='ocrx_word' id='word_1_34' title='bbox 926 496 1155 549; x_wconf 80' lang='lat' dir='ltr'>sepulturae</span> <span class='ocrx_word' id='word_1_35' title='bbox 1196 509 1316 535; x_wconf 75' lang='lat' dir='ltr'>meae.</span> <span class='ocrx_word' id='word_1_36' title='bbox 1379 494 1494 533; x_wconf 88' lang='lat' dir='ltr'>Item</span> <span class='ocrx_word' id='word_1_37' title='bbox 1534 491 1632 545; x_wconf 90' lang='lat' dir='ltr'>lego</span> 
     </span>
     <span class='ocr_line' id='line_1_6' title="bbox 98 556 1632 614; baseline -0.005 -13"><span class='ocrx_word' id='word_1_38' title='bbox 98 561 288 614; x_wconf 90' lang='lat' dir='ltr'>quinque</span> <span class='ocrx_word' id='word_1_39' title='bbox 311 560 493 610; x_wconf 82' lang='lat' dir='ltr'>vicariis,</span> <span class='ocrx_word' id='word_1_40' title='bbox 514 559 694 599; x_wconf 77' lang='lat' dir='ltr'>cuilibet</span> <span class='ocrx_word' id='word_1_41' title='bbox 715 573 863 599; x_wconf 91' lang='lat' dir='ltr'>eorum</span> <span class='ocrx_word' id='word_1_42' title='bbox 884 559 924 613; x_wconf 80' lang='lat' dir='ltr'>vj</span> <span class='ocrx_word' id='word_1_43' title='bbox 949 573 981 600; x_wconf 87' lang='lat' dir='ltr'>s.</span> <span class='ocrx_word' id='word_1_44' title='bbox 1005 560 1077 613; x_wconf 87' lang='lat' dir='ltr'>viij</span> <span class='ocrx_word' id='word_1_45' title='bbox 1102 560 1144 600; x_wconf 89' lang='lat' dir='ltr'>d.</span> <span class='ocrx_word' id='word_1_46' title='bbox 1176 560 1291 599; x_wconf 90' lang='lat' dir='ltr'>Item</span> <span class='ocrx_word' id='word_1_47' title='bbox 1307 559 1404 612; x_wconf 88' lang='lat' dir='ltr'>lego</span> <span class='ocrx_word' id='word_1_48' title='bbox 1418 556 1632 605; x_wconf 81' lang='lat' dir='ltr'>cantariis,</span> 
     </span>
     <span class='ocr_line' id='line_1_7' title="bbox 99 619 1632 678; baseline -0.004 -14"><span class='ocrx_word' id='word_1_49' title='bbox 99 624 300 665; x_wconf 78' lang='lat' dir='ltr'>videlicet</span> <span class='ocrx_word' id='word_1_50' title='bbox 321 624 494 664; x_wconf 91' lang='lat' dir='ltr'>domino</span> <span class='ocrx_word' id='word_1_51' title='bbox 514 622 734 662; x_wconf 82' lang='lat' dir='ltr'>Willelmo</span> <span class='ocrx_word' id='word_1_52' title='bbox 765 622 923 678; x_wconf 87' lang='lat' dir='ltr'>Bargh,</span> <span class='ocrx_word' id='word_1_53' title='bbox 955 623 1129 664; x_wconf 89' lang='lat' dir='ltr'>domino</span> <span class='ocrx_word' id='word_1_54' title='bbox 1160 622 1352 664; x_wconf 86' lang='lat' dir='ltr'>Johanni</span> <span class='ocrx_word' id='word_1_55' title='bbox 1384 619 1632 671; x_wconf 85' lang='lat' dir='ltr'>Schirburn,</span> 
     </span>
     <span class='ocr_line' id='line_1_8' title="bbox 98 684 1633 743; baseline -0.005 -14"><span class='ocrx_word' id='word_1_56' title='bbox 98 690 272 730; x_wconf 92' lang='lat' dir='ltr'>domino</span> <span class='ocrx_word' id='word_1_57' title='bbox 312 687 530 727; x_wconf 77' lang='lat' dir='ltr'>willelmo</span> <span class='ocrx_word' id='word_1_58' title='bbox 572 686 771 740; x_wconf 81' lang='lat' dir='ltr'>Spenser,</span> <span class='ocrx_word' id='word_1_59' title='bbox 822 688 996 727; x_wconf 89' lang='lat' dir='ltr'>domino</span> <span class='ocrx_word' id='word_1_60' title='bbox 1037 688 1206 743; x_wconf 87' lang='lat' dir='ltr'>Rogero</span> <span class='ocrx_word' id='word_1_61' title='bbox 1245 688 1418 735; x_wconf 78' lang='lat' dir='ltr'>waren,</span> <span class='ocrx_word' id='word_1_62' title='bbox 1460 684 1633 724; x_wconf 89' lang='lat' dir='ltr'>domino</span> 
     </span>
     <span class='ocr_line' id='line_1_9' title="bbox 98 747 1633 802; baseline -0.003 -11"><span class='ocrx_word' id='word_1_63' title='bbox 98 750 281 793; x_wconf 86' lang='lat' dir='ltr'>Ricardo</span> <span class='ocrx_word' id='word_1_64' title='bbox 320 750 524 801; x_wconf 84' lang='lat' dir='ltr'>Tankart‚</span> <span class='ocrx_word' id='word_1_65' title='bbox 565 751 739 791; x_wconf 91' lang='lat' dir='ltr'>domino</span> <span class='ocrx_word' id='word_1_66' title='bbox 779 751 806 791; x_wconf 87' lang='lat' dir='ltr'><strong>J</strong></span> <span class='ocrx_word' id='word_1_67' title='bbox 810 750 970 791; x_wconf 89' lang='lat' dir='ltr'>ohanni</span> <span class='ocrx_word' id='word_1_68' title='bbox 1003 751 1197 802; x_wconf 78' lang='lat' dir='ltr'>VVeston,</span> <span class='ocrx_word' id='word_1_69' title='bbox 1239 751 1411 791; x_wconf 91' lang='lat' dir='ltr'>domino</span> <span class='ocrx_word' id='word_1_70' title='bbox 1444 747 1633 790; x_wconf 87' lang='lat' dir='ltr'>Johanni</span> 
     </span>
     <span class='ocr_line' id='line_1_10' title="bbox 99 812 1632 869; baseline -0.003 -13"><span class='ocrx_word' id='word_1_71' title='bbox 99 816 325 866; x_wconf 85' lang='lat' dir='ltr'>Taverner,</span> <span class='ocrx_word' id='word_1_72' title='bbox 347 816 520 856; x_wconf 90' lang='lat' dir='ltr'>domino</span> <span class='ocrx_word' id='word_1_73' title='bbox 541 815 759 855; x_wconf 80' lang='lat' dir='ltr'>willelmo</span> <span class='ocrx_word' id='word_1_74' title='bbox 772 814 1046 869; x_wconf 72' lang='lat' dir='ltr'>VVirethorp&#39;,</span> <span class='ocrx_word' id='word_1_75' title='bbox 1060 816 1233 856; x_wconf 92' lang='lat' dir='ltr'>domino</span> <span class='ocrx_word' id='word_1_76' title='bbox 1245 815 1434 856; x_wconf 86' lang='lat' dir='ltr'>Roberto</span> <span class='ocrx_word' id='word_1_77' title='bbox 1447 812 1632 865; x_wconf 84' lang='lat' dir='ltr'>Rikeby,</span> 
     </span>
     <span class='ocr_line' id='line_1_11' title="bbox 99 876 1634 934; baseline -0.003 -14"><span class='ocrx_word' id='word_1_78' title='bbox 99 884 144 920; x_wconf 89' lang='lat' dir='ltr'>et</span> <span class='ocrx_word' id='word_1_79' title='bbox 187 880 397 930; x_wconf 83' lang='lat' dir='ltr'>Sacristae,</span> <span class='ocrx_word' id='word_1_80' title='bbox 429 879 610 919; x_wconf 79' lang='lat' dir='ltr'>cuilibet</span> <span class='ocrx_word' id='word_1_81' title='bbox 642 893 789 919; x_wconf 90' lang='lat' dir='ltr'>eorum</span> <span class='ocrx_word' id='word_1_82' title='bbox 820 879 867 932; x_wconf 88' lang='lat' dir='ltr'>iij</span> <span class='ocrx_word' id='word_1_83' title='bbox 906 892 936 920; x_wconf 90' lang='grc'>5.</span> <span class='ocrx_word' id='word_1_84' title='bbox 970 879 1034 934; x_wconf 88' lang='lat' dir='ltr'>iiij</span> <span class='ocrx_word' id='word_1_85' title='bbox 1066 880 1106 921; x_wconf 93' lang='lat' dir='ltr'>d.</span> <span class='ocrx_word' id='word_1_86' title='bbox 1169 881 1286 920; x_wconf 86' lang='lat' dir='ltr'>Item</span> <span class='ocrx_word' id='word_1_87' title='bbox 1319 879 1417 933; x_wconf 89' lang='lat' dir='ltr'>lego</span> <span class='ocrx_word' id='word_1_88' title='bbox 1452 876 1634 917; x_wconf 90' lang='lat' dir='ltr'>cuilibet</span> 
     </span>
     <span class='ocr_line' id='line_1_12' title="bbox 98 939 1631 998; baseline -0.004 -13"><span class='ocrx_word' id='word_1_89' title='bbox 98 945 275 985; x_wconf 87' lang='lat' dir='ltr'>diacono</span> <span class='ocrx_word' id='word_1_90' title='bbox 290 945 319 998; x_wconf 86' lang='lat' dir='ltr'>ij</span> <span class='ocrx_word' id='word_1_91' title='bbox 338 959 386 995; x_wconf 88' lang='lat' dir='ltr'>s.,</span> <span class='ocrx_word' id='word_1_92' title='bbox 402 943 581 984; x_wconf 79' lang='lat' dir='ltr'>cuilibet</span> <span class='ocrx_word' id='word_1_93' title='bbox 595 943 853 983; x_wconf 90' lang='lat' dir='ltr'>subdiacono</span> <span class='ocrx_word' id='word_1_94' title='bbox 869 957 923 982; x_wconf 81' lang='lat' dir='ltr'>xx</span> <span class='ocrx_word' id='word_1_95' title='bbox 936 943 977 983; x_wconf 92' lang='lat' dir='ltr'>d.</span> <span class='ocrx_word' id='word_1_96' title='bbox 992 944 1173 984; x_wconf 87' lang='lat' dir='ltr'>cuilibet</span> <span class='ocrx_word' id='word_1_97' title='bbox 1188 942 1475 984; x_wconf 82' lang='lat' dir='ltr'>thuribulario</span> <span class='ocrx_word' id='word_1_98' title='bbox 1487 939 1555 994; x_wconf 77' lang='lat' dir='ltr'>xvj</span> <span class='ocrx_word' id='word_1_99' title='bbox 1575 940 1631 990; x_wconf 89' lang='lat' dir='ltr'>d.‚</span> 
     </span>
     <span class='ocr_line' id='line_1_13' title="bbox 98 1006 1632 1062; baseline -0.004 -13"><span class='ocrx_word' id='word_1_100' title='bbox 98 1009 278 1049; x_wconf 86' lang='lat' dir='ltr'>cuilibet</span> <span class='ocrx_word' id='word_1_101' title='bbox 321 1007 516 1049; x_wconf 79' lang='lat' dir='ltr'>choristae</span> <span class='ocrx_word' id='word_1_102' title='bbox 566 1006 623 1061; x_wconf 82' lang='lat' dir='ltr'>xij</span> <span class='ocrx_word' id='word_1_103' title='bbox 667 1007 709 1047; x_wconf 89' lang='lat' dir='ltr'>d.</span> <span class='ocrx_word' id='word_1_104' title='bbox 770 1007 886 1047; x_wconf 82' lang='lat' dir='ltr'>Item</span> <span class='ocrx_word' id='word_1_105' title='bbox 926 1007 1024 1062; x_wconf 89' lang='lat' dir='ltr'>lego</span> <span class='ocrx_word' id='word_1_106' title='bbox 1065 1009 1246 1049; x_wconf 88' lang='lat' dir='ltr'>cuilibet</span> <span class='ocrx_word' id='word_1_107' title='bbox 1286 1006 1505 1060; x_wconf 88' lang='lat' dir='ltr'>capellano</span> <span class='ocrx_word' id='word_1_108' title='bbox 1545 1017 1632 1044; x_wconf 93' lang='lat' dir='ltr'>non</span> 
     </span>
     <span class='ocr_line' id='line_1_14' title="bbox 98 1069 1632 1127; baseline -0.004 -14"><span class='ocrx_word' id='word_1_109' title='bbox 98 1073 421 1127; x_wconf 77' lang='lat' dir='ltr'>praenominato,</span> <span class='ocrx_word' id='word_1_110' title='bbox 452 1071 564 1112; x_wconf 88' lang='lat' dir='ltr'>infra</span> <span class='ocrx_word' id='word_1_111' title='bbox 583 1070 828 1125; x_wconf 82' lang='lat' dir='ltr'>parochiam</span> <span class='ocrx_word' id='word_1_112' title='bbox 857 1071 925 1111; x_wconf 87' lang='lat' dir='ltr'>vel</span> <span class='ocrx_word' id='word_1_113' title='bbox 956 1075 1090 1125; x_wconf 83' lang='lat' dir='ltr'>extra,</span> <span class='ocrx_word' id='word_1_114' title='bbox 1120 1072 1314 1113; x_wconf 87' lang='lat' dir='ltr'>venienti</span> <span class='ocrx_word' id='word_1_115' title='bbox 1345 1071 1399 1111; x_wconf 90' lang='lat' dir='ltr'>ad</span> <span class='ocrx_word' id='word_1_116' title='bbox 1431 1069 1632 1122; x_wconf 83' lang='lat' dir='ltr'>exequias</span> 
     </span>
     <span class='ocr_line' id='line_1_15' title="bbox 98 1133 1632 1190; baseline -0.004 -13"><span class='ocrx_word' id='word_1_117' title='bbox 98 1151 216 1177; x_wconf 87' lang='lat' dir='ltr'>meas</span> <span class='ocrx_word' id='word_1_118' title='bbox 237 1151 374 1190; x_wconf 92' lang='lat' dir='ltr'>usque</span> <span class='ocrx_word' id='word_1_119' title='bbox 395 1136 448 1176; x_wconf 88' lang='lat' dir='ltr'>ad</span> <span class='ocrx_word' id='word_1_120' title='bbox 464 1150 695 1176; x_wconf 86' lang='lat' dir='ltr'>numerum</span> <span class='ocrx_word' id='word_1_121' title='bbox 715 1136 899 1189; x_wconf 86' lang='lat' dir='ltr'>triginta</span> <span class='ocrx_word' id='word_1_122' title='bbox 918 1149 1210 1189; x_wconf 87' lang='lat' dir='ltr'>personarum,</span> <span class='ocrx_word' id='word_1_123' title='bbox 1233 1136 1272 1190; x_wconf 80' lang='lat' dir='ltr'>vj</span> <span class='ocrx_word' id='word_1_124' title='bbox 1297 1136 1337 1176; x_wconf 89' lang='lat' dir='ltr'>d.</span> <span class='ocrx_word' id='word_1_125' title='bbox 1399 1135 1516 1174; x_wconf 90' lang='lat' dir='ltr'>Item</span> <span class='ocrx_word' id='word_1_126' title='bbox 1537 1133 1632 1186; x_wconf 88' lang='lat' dir='ltr'>lego</span> 
     </span>
     <span class='ocr_line' id='line_1_16' title="bbox 99 1197 1634 1256; baseline -0.004 -14"><span class='ocrx_word' id='word_1_127' title='bbox 99 1201 155 1256; x_wconf 83' lang='lat' dir='ltr'>xij</span> <span class='ocrx_word' id='word_1_128' title='bbox 179 1202 338 1255; x_wconf 86' lang='lat' dir='ltr'>pueris,</span> <span class='ocrx_word' id='word_1_129' title='bbox 355 1200 535 1240; x_wconf 87' lang='lat' dir='ltr'>cuilibet</span> <span class='ocrx_word' id='word_1_130' title='bbox 557 1200 719 1239; x_wconf 86' lang='lat' dir='ltr'>dicenti</span> <span class='ocrx_word' id='word_1_131' title='bbox 741 1199 1008 1253; x_wconf 77' lang='lat' dir='ltr'>psalterium,</span> <span class='ocrx_word' id='word_1_132' title='bbox 1030 1201 1092 1255; x_wconf 89' lang='lat' dir='ltr'>iiij</span> <span class='ocrx_word' id='word_1_133' title='bbox 1117 1202 1160 1241; x_wconf 88' lang='lat' dir='ltr'>d.</span> <span class='ocrx_word' id='word_1_134' title='bbox 1203 1201 1314 1240; x_wconf 87' lang='lat' dir='ltr'>Item</span> <span class='ocrx_word' id='word_1_135' title='bbox 1337 1200 1435 1253; x_wconf 86' lang='lat' dir='ltr'>lego</span> <span class='ocrx_word' id='word_1_136' title='bbox 1450 1197 1634 1251; x_wconf 87' lang='lat' dir='ltr'>triginta</span> 
     </span>
     <span class='ocr_line' id='line_1_17' title="bbox 99 1262 1632 1321; baseline -0.003 -15"><span class='ocrx_word' id='word_1_137' title='bbox 99 1266 373 1321; x_wconf 84' lang='lat' dir='ltr'>pauperibus,</span> <span class='ocrx_word' id='word_1_138' title='bbox 391 1265 572 1304; x_wconf 85' lang='lat' dir='ltr'>cuilibet</span> <span class='ocrx_word' id='word_1_139' title='bbox 593 1265 756 1304; x_wconf 87' lang='lat' dir='ltr'>dicenti</span> <span class='ocrx_word' id='word_1_140' title='bbox 771 1263 1026 1317; x_wconf 86' lang='lat' dir='ltr'>psalterium</span> <span class='ocrx_word' id='word_1_141' title='bbox 1042 1265 1187 1306; x_wconf 85' lang='lat' dir='ltr'>Beatae</span> <span class='ocrx_word' id='word_1_142' title='bbox 1201 1265 1364 1314; x_wconf 77' lang='lat' dir='ltr'>Mariae,</span> <span class='ocrx_word' id='word_1_143' title='bbox 1379 1263 1408 1318; x_wconf 89' lang='lat' dir='ltr'>ij</span> <span class='ocrx_word' id='word_1_144' title='bbox 1433 1263 1474 1303; x_wconf 89' lang='lat' dir='ltr'>d.</span> <span class='ocrx_word' id='word_1_145' title='bbox 1517 1262 1632 1301; x_wconf 90' lang='lat' dir='ltr'>Item</span> 
     </span>
     <span class='ocr_line' id='line_1_18' title="bbox 99 1327 1632 1385; baseline -0.004 -14"><span class='ocrx_word' id='word_1_146' title='bbox 99 1331 198 1385; x_wconf 88' lang='lat' dir='ltr'>lego</span> <span class='ocrx_word' id='word_1_147' title='bbox 219 1329 409 1371; x_wconf 72' lang='lat' dir='ltr'>,Iohanni</span> <span class='ocrx_word' id='word_1_148' title='bbox 431 1328 630 1369; x_wconf 82' lang='lat' dir='ltr'>Serilson&#39;</span> <span class='ocrx_word' id='word_1_149' title='bbox 652 1330 775 1368; x_wconf 89' lang='lat' dir='ltr'>eunti</span> <span class='ocrx_word' id='word_1_150' title='bbox 796 1329 843 1368; x_wconf 91' lang='lat' dir='ltr'>in</span> <span class='ocrx_word' id='word_1_151' title='bbox 866 1329 968 1369; x_wconf 84' lang='lat' dir='ltr'>villa</span> <span class='ocrx_word' id='word_1_152' title='bbox 987 1344 1086 1371; x_wconf 89' lang='lat' dir='ltr'>cum</span> <span class='ocrx_word' id='word_1_153' title='bbox 1107 1343 1328 1384; x_wconf 85' lang='lat' dir='ltr'>campana,</span> <span class='ocrx_word' id='word_1_154' title='bbox 1349 1328 1411 1381; x_wconf 88' lang='lat' dir='ltr'>iiij</span> <span class='ocrx_word' id='word_1_155' title='bbox 1436 1328 1477 1368; x_wconf 87' lang='lat' dir='ltr'>d.</span> <span class='ocrx_word' id='word_1_156' title='bbox 1517 1327 1632 1366; x_wconf 83' lang='lat' dir='ltr'>Item</span> 
     </span>
     <span class='ocr_line' id='line_1_19' title="bbox 100 1392 1633 1451; baseline -0.005 -14"><span class='ocrx_word' id='word_1_157' title='bbox 100 1396 199 1451; x_wconf 89' lang='lat' dir='ltr'>lego</span> <span class='ocrx_word' id='word_1_158' title='bbox 231 1396 284 1436; x_wconf 91' lang='lat' dir='ltr'>ad</span> <span class='ocrx_word' id='word_1_159' title='bbox 317 1393 556 1435; x_wconf 89' lang='lat' dir='ltr'>ornandum</span> <span class='ocrx_word' id='word_1_160' title='bbox 597 1392 732 1432; x_wconf 86' lang='lat' dir='ltr'>altare</span> <span class='ocrx_word' id='word_1_161' title='bbox 766 1395 810 1432; x_wconf 90' lang='lat' dir='ltr'>et</span> <span class='ocrx_word' id='word_1_162' title='bbox 844 1393 1094 1447; x_wconf 83' lang='lat' dir='ltr'>ymaginem</span> <span class='ocrx_word' id='word_1_163' title='bbox 1129 1395 1297 1435; x_wconf 77' lang='lat' dir='ltr'>Sanctae</span> <span class='ocrx_word' id='word_1_164' title='bbox 1333 1392 1482 1432; x_wconf 83' lang='lat' dir='ltr'>Mariae</span> <span class='ocrx_word' id='word_1_165' title='bbox 1518 1394 1633 1431; x_wconf 86' lang='lat' dir='ltr'>retro</span> 
     </span>
     <span class='ocr_line' id='line_1_20' title="bbox 102 1454 1635 1516; baseline -0.005 -16"><span class='ocrx_word' id='word_1_166' title='bbox 102 1474 320 1500; x_wconf 89' lang='lat' dir='ltr'>summum</span> <span class='ocrx_word' id='word_1_167' title='bbox 341 1462 489 1514; x_wconf 86' lang='lat' dir='ltr'>altare,</span> <span class='ocrx_word' id='word_1_168' title='bbox 512 1461 551 1516; x_wconf 89' lang='lat' dir='ltr'>vj</span> <span class='ocrx_word' id='word_1_169' title='bbox 577 1476 608 1502; x_wconf 89' lang='lat' dir='ltr'>s.</span> <span class='ocrx_word' id='word_1_170' title='bbox 631 1461 704 1516; x_wconf 84' lang='lat' dir='ltr'>viij</span> <span class='ocrx_word' id='word_1_171' title='bbox 729 1462 770 1502; x_wconf 85' lang='lat' dir='ltr'>d.</span> <span class='ocrx_word' id='word_1_172' title='bbox 833 1463 946 1502; x_wconf 89' lang='lat' dir='ltr'>Item</span> <span class='ocrx_word' id='word_1_173' title='bbox 966 1462 1063 1514; x_wconf 85' lang='lat' dir='ltr'>lego</span> <span class='ocrx_word' id='word_1_174' title='bbox 1084 1460 1138 1500; x_wconf 82' lang='lat' dir='ltr'>ad</span> <span class='ocrx_word' id='word_1_175' title='bbox 1159 1457 1398 1499; x_wconf 90' lang='lat' dir='ltr'>ornandum</span> <span class='ocrx_word' id='word_1_176' title='bbox 1411 1456 1458 1495; x_wconf 90' lang='lat' dir='ltr'>in</span> <span class='ocrx_word' id='word_1_177' title='bbox 1472 1454 1635 1508; x_wconf 87' lang='lat' dir='ltr'>capella</span> 
     </span>
     <span class='ocr_line' id='line_1_21' title="bbox 102 1521 1635 1580; baseline -0.004 -16"><span class='ocrx_word' id='word_1_178' title='bbox 102 1524 246 1565; x_wconf 85' lang='lat' dir='ltr'>Beatae</span> <span class='ocrx_word' id='word_1_179' title='bbox 267 1526 414 1567; x_wconf 81' lang='lat' dir='ltr'>Mariae</span> <span class='ocrx_word' id='word_1_180' title='bbox 436 1528 482 1566; x_wconf 89' lang='lat' dir='ltr'>in</span> <span class='ocrx_word' id='word_1_181' title='bbox 504 1527 696 1577; x_wconf 87' lang='lat' dir='ltr'>ecclesia,</span> <span class='ocrx_word' id='word_1_182' title='bbox 711 1526 749 1580; x_wconf 79' lang='lat' dir='ltr'>vj</span> <span class='ocrx_word' id='word_1_183' title='bbox 776 1540 807 1567; x_wconf 91' lang='lat' dir='ltr'>s.</span> <span class='ocrx_word' id='word_1_184' title='bbox 830 1527 904 1580; x_wconf 88' lang='lat' dir='ltr'>viij</span> <span class='ocrx_word' id='word_1_185' title='bbox 927 1527 969 1576; x_wconf 79' lang='lat' dir='ltr'>d.</span> <span class='ocrx_word' id='word_1_186' title='bbox 1031 1526 1146 1565; x_wconf 85' lang='lat' dir='ltr'>Item</span> <span class='ocrx_word' id='word_1_187' title='bbox 1166 1523 1263 1577; x_wconf 90' lang='lat' dir='ltr'>lego</span> <span class='ocrx_word' id='word_1_188' title='bbox 1286 1521 1517 1562; x_wconf 89' lang='lat' dir='ltr'>successori</span> <span class='ocrx_word' id='word_1_189' title='bbox 1539 1532 1635 1558; x_wconf 91' lang='lat' dir='ltr'>meo</span> 
     </span>
     <span class='ocr_line' id='line_1_22' title="bbox 100 1583 1634 1645; baseline -0.004 -17"><span class='ocrx_word' id='word_1_190' title='bbox 100 1590 146 1628; x_wconf 92' lang='lat' dir='ltr'>in</span> <span class='ocrx_word' id='word_1_191' title='bbox 169 1590 347 1630; x_wconf 86' lang='lat' dir='ltr'>ecclesia</span> <span class='ocrx_word' id='word_1_192' title='bbox 368 1590 535 1645; x_wconf 85' lang='lat' dir='ltr'>Ripon’,</span> <span class='ocrx_word' id='word_1_193' title='bbox 556 1591 764 1644; x_wconf 87' lang='lat' dir='ltr'>optimam</span> <span class='ocrx_word' id='word_1_194' title='bbox 785 1604 927 1630; x_wconf 88' lang='lat' dir='ltr'>meam</span> <span class='ocrx_word' id='word_1_195' title='bbox 957 1603 1120 1644; x_wconf 88' lang='lat' dir='ltr'>capam,</span> <span class='ocrx_word' id='word_1_196' title='bbox 1142 1586 1499 1640; x_wconf 87' lang='lat' dir='ltr'>superpelliceum</span> <span class='ocrx_word' id='word_1_197' title='bbox 1521 1583 1634 1636; x_wconf 91' lang='lat' dir='ltr'>opti-</span> 
     </span>
     <span class='ocr_line' id='line_1_23' title="bbox 100 1650 1635 1707; baseline -0.004 -15"><span class='ocrx_word' id='word_1_198' title='bbox 100 1666 235 1703; x_wconf 92' lang='lat' dir='ltr'>mum,</span> <span class='ocrx_word' id='word_1_199' title='bbox 258 1658 302 1694; x_wconf 90' lang='lat' dir='ltr'>et</span> <span class='ocrx_word' id='word_1_200' title='bbox 324 1656 525 1695; x_wconf 89' lang='lat' dir='ltr'>amisium</span> <span class='ocrx_word' id='word_1_201' title='bbox 547 1655 799 1705; x_wconf 85' lang='lat' dir='ltr'>secundum,</span> <span class='ocrx_word' id='word_1_202' title='bbox 820 1656 882 1694; x_wconf 89' lang='lat' dir='ltr'>ita</span> <span class='ocrx_word' id='word_1_203' title='bbox 901 1658 952 1694; x_wconf 90' lang='lat' dir='ltr'>ut</span> <span class='ocrx_word' id='word_1_204' title='bbox 972 1655 1063 1707; x_wconf 90' lang='lat' dir='ltr'>ipse</span> <span class='ocrx_word' id='word_1_205' title='bbox 1089 1652 1210 1706; x_wconf 87' lang='lat' dir='ltr'>juret</span> <span class='ocrx_word' id='word_1_206' title='bbox 1232 1652 1291 1691; x_wconf 90' lang='lat' dir='ltr'>sic</span> <span class='ocrx_word' id='word_1_207' title='bbox 1314 1650 1535 1690; x_wconf 88' lang='lat' dir='ltr'>dimittere</span> <span class='ocrx_word' id='word_1_208' title='bbox 1559 1660 1635 1687; x_wconf 88' lang='lat' dir='ltr'>suo</span> 
     </span>
     <span class='ocr_line' id='line_1_24' title="bbox 103 1712 1634 1773; baseline -0.005 -16"><span class='ocrx_word' id='word_1_209' title='bbox 103 1720 348 1770; x_wconf 84' lang='lat' dir='ltr'>successori,</span> <span class='ocrx_word' id='word_1_210' title='bbox 370 1720 496 1759; x_wconf 87' lang='lat' dir='ltr'>aliter</span> <span class='ocrx_word' id='word_1_211' title='bbox 517 1733 617 1760; x_wconf 88' lang='lat' dir='ltr'>non.</span> <span class='ocrx_word' id='word_1_212' title='bbox 678 1719 794 1759; x_wconf 87' lang='lat' dir='ltr'>Item</span> <span class='ocrx_word' id='word_1_213' title='bbox 815 1719 911 1773; x_wconf 86' lang='lat' dir='ltr'>lego</span> <span class='ocrx_word' id='word_1_214' title='bbox 941 1719 1098 1759; x_wconf 87' lang='lat' dir='ltr'>lumini</span> <span class='ocrx_word' id='word_1_215' title='bbox 1130 1729 1271 1756; x_wconf 88' lang='lat' dir='ltr'>coram</span> <span class='ocrx_word' id='word_1_216' title='bbox 1304 1727 1472 1754; x_wconf 91' lang='lat' dir='ltr'>summo</span> <span class='ocrx_word' id='word_1_217' title='bbox 1493 1712 1634 1762; x_wconf 90' lang='lat' dir='ltr'>altari,</span> 
     </span>
     <span class='ocr_line' id='line_1_25' title="bbox 101 1776 1634 1837; baseline -0.004 -16"><span class='ocrx_word' id='word_1_218' title='bbox 101 1782 147 1836; x_wconf 90' lang='lat' dir='ltr'>iij</span> <span class='ocrx_word' id='word_1_219' title='bbox 174 1796 206 1822; x_wconf 86' lang='grc'>5.</span> <span class='ocrx_word' id='word_1_220' title='bbox 237 1783 300 1837; x_wconf 90' lang='lat' dir='ltr'>iiij</span> <span class='ocrx_word' id='word_1_221' title='bbox 334 1783 376 1824; x_wconf 86' lang='lat' dir='ltr'>d.</span> <span class='ocrx_word' id='word_1_222' title='bbox 438 1784 553 1824; x_wconf 88' lang='lat' dir='ltr'>Item</span> <span class='ocrx_word' id='word_1_223' title='bbox 583 1783 681 1837; x_wconf 85' lang='lat' dir='ltr'>lego</span> <span class='ocrx_word' id='word_1_224' title='bbox 710 1782 870 1823; x_wconf 90' lang='lat' dir='ltr'>feretro</span> <span class='ocrx_word' id='word_1_225' title='bbox 902 1782 1049 1824; x_wconf 83' lang='lat' dir='ltr'>Sancti</span> <span class='ocrx_word' id='word_1_226' title='bbox 1070 1780 1273 1830; x_wconf 75' lang='lat' dir='ltr'>wilfridi,</span> <span class='ocrx_word' id='word_1_227' title='bbox 1304 1791 1442 1818; x_wconf 93' lang='lat' dir='ltr'>unum</span> <span class='ocrx_word' id='word_1_228' title='bbox 1473 1776 1634 1816; x_wconf 89' lang='lat' dir='ltr'>monile</span> 
     </span>
     <span class='ocr_line' id='line_1_26' title="bbox 103 1840 1634 1901; baseline -0.005 -14"><span class='ocrx_word' id='word_1_229' title='bbox 103 1850 374 1900; x_wconf 87' lang='lat' dir='ltr'>argenteum.</span> <span class='ocrx_word' id='word_1_230' title='bbox 437 1848 552 1887; x_wconf 92' lang='lat' dir='ltr'>Item</span> <span class='ocrx_word' id='word_1_231' title='bbox 574 1847 671 1901; x_wconf 88' lang='lat' dir='ltr'>lego</span> <span class='ocrx_word' id='word_1_232' title='bbox 693 1859 860 1886; x_wconf 89' lang='lat' dir='ltr'>summo</span> <span class='ocrx_word' id='word_1_233' title='bbox 881 1847 1006 1886; x_wconf 87' lang='lat' dir='ltr'>altari</span> <span class='ocrx_word' id='word_1_234' title='bbox 1028 1858 1165 1885; x_wconf 89' lang='lat' dir='ltr'>unum</span> <span class='ocrx_word' id='word_1_235' title='bbox 1179 1843 1490 1896; x_wconf 88' lang='lat' dir='ltr'>coopertorium</span> <span class='ocrx_word' id='word_1_236' title='bbox 1510 1840 1634 1880; x_wconf 88' lang='lat' dir='ltr'>rubei</span> 
     </span>
     <span class='ocr_line' id='line_1_27' title="bbox 102 1908 1635 1965; baseline -0.005 -15"><span class='ocrx_word' id='word_1_237' title='bbox 102 1910 267 1951; x_wconf 90' lang='lat' dir='ltr'>coloris.</span> <span class='ocrx_word' id='word_1_238' title='bbox 328 1911 443 1951; x_wconf 88' lang='lat' dir='ltr'>Item</span> <span class='ocrx_word' id='word_1_239' title='bbox 474 1912 571 1965; x_wconf 84' lang='lat' dir='ltr'>lego</span> <span class='ocrx_word' id='word_1_240' title='bbox 601 1911 809 1964; x_wconf 85' lang='lat' dir='ltr'>magistro</span> <span class='ocrx_word' id='word_1_241' title='bbox 839 1909 1029 1951; x_wconf 87' lang='lat' dir='ltr'>Johanni</span> <span class='ocrx_word' id='word_1_242' title='bbox 1061 1908 1261 1961; x_wconf 80' lang='lat' dir='ltr'>Souieby,</span> <span class='ocrx_word' id='word_1_243' title='bbox 1282 1919 1419 1946; x_wconf 92' lang='lat' dir='ltr'>unum</span> <span class='ocrx_word' id='word_1_244' title='bbox 1440 1917 1635 1958; x_wconf 88' lang='lat' dir='ltr'>pannum</span> 
     </span>
     <span class='ocr_line' id='line_1_28' title="bbox 102 1968 1636 2028; baseline -0.005 -13"><span class='ocrx_word' id='word_1_245' title='bbox 102 1975 301 2028; x_wconf 80' lang='lat' dir='ltr'>pinetum</span> <span class='ocrx_word' id='word_1_246' title='bbox 322 1979 521 2015; x_wconf 81' lang='lat' dir='ltr'>vocatum</span> <span class='ocrx_word' id='word_1_247' title='bbox 553 1973 789 2028; x_wconf 57' lang='lat' dir='ltr'>kmolynyst</span> <span class='ocrx_word' id='word_1_248' title='bbox 851 1975 967 2014; x_wconf 90' lang='lat' dir='ltr'>Item</span> <span class='ocrx_word' id='word_1_249' title='bbox 998 1974 1095 2028; x_wconf 87' lang='lat' dir='ltr'>lego</span> <span class='ocrx_word' id='word_1_250' title='bbox 1115 1986 1170 2012; x_wconf 82' lang='lat' dir='ltr'>xx</span> <span class='ocrx_word' id='word_1_251' title='bbox 1190 1971 1319 2011; x_wconf 88' lang='lat' dir='ltr'>libras</span> <span class='ocrx_word' id='word_1_252' title='bbox 1340 1972 1525 2009; x_wconf 74' lang='lat' dir='ltr'>monetae</span> <span class='ocrx_word' id='word_1_253' title='bbox 1547 1968 1636 2007; x_wconf 89' lang='lat' dir='ltr'>An-</span> 
     </span>
     <span class='ocr_line' id='line_1_29' title="bbox 103 2034 1636 2092; baseline -0.005 -13"><span class='ocrx_word' id='word_1_254' title='bbox 103 2038 281 2092; x_wconf 83' lang='lat' dir='ltr'>glicanae</span> <span class='ocrx_word' id='word_1_255' title='bbox 312 2039 365 2079; x_wconf 89' lang='lat' dir='ltr'>ad</span> <span class='ocrx_word' id='word_1_256' title='bbox 397 2039 629 2079; x_wconf 91' lang='lat' dir='ltr'>emendum</span> <span class='ocrx_word' id='word_1_257' title='bbox 660 2039 767 2079; x_wconf 86' lang='lat' dir='ltr'>duos</span> <span class='ocrx_word' id='word_1_258' title='bbox 797 2037 1117 2092; x_wconf 87' lang='lat' dir='ltr'>antiphonarios</span> <span class='ocrx_word' id='word_1_259' title='bbox 1148 2049 1249 2076; x_wconf 89' lang='lat' dir='ltr'>cum</span> <span class='ocrx_word' id='word_1_260' title='bbox 1280 2034 1446 2074; x_wconf 76' lang='lat' dir='ltr'>caeteris</span> <span class='ocrx_word' id='word_1_261' title='bbox 1467 2045 1636 2086; x_wconf 89' lang='lat' dir='ltr'>proces-</span> 
     </span>
     <span class='ocr_line' id='line_1_30' title="bbox 105 2097 1637 2157; baseline -0.005 -15"><span class='ocrx_word' id='word_1_262' title='bbox 105 2103 298 2143; x_wconf 87' lang='lat' dir='ltr'>sionariis</span> <span class='ocrx_word' id='word_1_263' title='bbox 315 2103 367 2143; x_wconf 89' lang='lat' dir='ltr'>ad</span> <span class='ocrx_word' id='word_1_264' title='bbox 381 2107 593 2157; x_wconf 88' lang='lat' dir='ltr'>quantum</span> <span class='ocrx_word' id='word_1_265' title='bbox 608 2116 775 2143; x_wconf 85' lang='lat' dir='ltr'>summa</span> <span class='ocrx_word' id='word_1_266' title='bbox 788 2102 992 2156; x_wconf 57' lang='lat' dir='ltr'>praedicta</span> <span class='ocrx_word' id='word_1_267' title='bbox 1007 2100 1203 2150; x_wconf 88' lang='lat' dir='ltr'>sufficiet,</span> <span class='ocrx_word' id='word_1_268' title='bbox 1221 2097 1523 2152; x_wconf 86' lang='lat' dir='ltr'>comparandos</span> <span class='ocrx_word' id='word_1_269' title='bbox 1536 2109 1637 2135; x_wconf 91' lang='lat' dir='ltr'>cum</span> 
     </span>
     <span class='ocr_line' id='line_1_31' title="bbox 103 2160 1637 2221; baseline -0.005 -14"><span class='ocrx_word' id='word_1_270' title='bbox 103 2167 278 2207; x_wconf 87' lang='lat' dir='ltr'>consilio</span> <span class='ocrx_word' id='word_1_271' title='bbox 308 2168 564 2207; x_wconf 68' lang='lat' dir='ltr'>vicariorum</span> <span class='ocrx_word' id='word_1_272' title='bbox 596 2168 649 2207; x_wconf 91' lang='lat' dir='ltr'>ad</span> <span class='ocrx_word' id='word_1_273' title='bbox 671 2181 775 2221; x_wconf 87' lang='lat' dir='ltr'>quos</span> <span class='ocrx_word' id='word_1_274' title='bbox 806 2165 1091 2220; x_wconf 88' lang='lat' dir='ltr'>pertinebunt</span> <span class='ocrx_word' id='word_1_275' title='bbox 1120 2164 1220 2204; x_wconf 87' lang='lat' dir='ltr'>libri</span> <span class='ocrx_word' id='word_1_276' title='bbox 1251 2162 1459 2216; x_wconf 73' lang='lat' dir='ltr'>praedicti.</span> <span class='ocrx_word' id='word_1_277' title='bbox 1521 2160 1637 2200; x_wconf 89' lang='lat' dir='ltr'>Item</span> 
     </span>
     <span class='ocr_line' id='line_1_32' title="bbox 105 2225 1637 2285; baseline -0.006 -14"><span class='ocrx_word' id='word_1_278' title='bbox 105 2231 202 2285; x_wconf 88' lang='lat' dir='ltr'>lego</span> <span class='ocrx_word' id='word_1_279' title='bbox 242 2245 318 2285; x_wconf 91' lang='lat' dir='ltr'>pro</span> <span class='ocrx_word' id='word_1_280' title='bbox 351 2246 422 2272; x_wconf 78' lang='lat' dir='ltr'>sex</span> <span class='ocrx_word' id='word_1_281' title='bbox 455 2232 686 2272; x_wconf 88' lang='lat' dir='ltr'>almariolis</span> <span class='ocrx_word' id='word_1_282' title='bbox 720 2231 914 2271; x_wconf 85' lang='lat' dir='ltr'>emendis</span> <span class='ocrx_word' id='word_1_283' title='bbox 946 2244 1023 2283; x_wconf 91' lang='lat' dir='ltr'>pro</span> <span class='ocrx_word' id='word_1_284' title='bbox 1056 2229 1171 2283; x_wconf 88' lang='lat' dir='ltr'>capis</span> <span class='ocrx_word' id='word_1_285' title='bbox 1205 2227 1459 2267; x_wconf 88' lang='lat' dir='ltr'>vicariorum</span> <span class='ocrx_word' id='word_1_286' title='bbox 1500 2225 1637 2277; x_wconf 89' lang='lat' dir='ltr'>impo-</span> 
     </span>
     <span class='ocr_line' id='line_1_33' title="bbox 104 2288 1635 2350; baseline -0.006 -14"><span class='ocrx_word' id='word_1_287' title='bbox 104 2296 271 2346; x_wconf 87' lang='lat' dir='ltr'>nendis,</span> <span class='ocrx_word' id='word_1_288' title='bbox 292 2296 331 2335; x_wconf 81' lang='lat' dir='ltr'>xl</span> <span class='ocrx_word' id='word_1_289' title='bbox 357 2310 389 2336; x_wconf 92' lang='lat' dir='ltr'>s.</span> <span class='ocrx_word' id='word_1_290' title='bbox 422 2296 474 2336; x_wconf 91' lang='lat' dir='ltr'>de</span> <span class='ocrx_word' id='word_1_291' title='bbox 506 2297 662 2350; x_wconf 87' lang='lat' dir='ltr'>quibus</span> <span class='ocrx_word' id='word_1_292' title='bbox 695 2296 799 2335; x_wconf 81' lang='lat' dir='ltr'>solvi</span> <span class='ocrx_word' id='word_1_293' title='bbox 831 2309 915 2349; x_wconf 81' lang='lat' dir='ltr'>prae</span> <span class='ocrx_word' id='word_1_294' title='bbox 947 2294 1145 2334; x_wconf 81' lang='lat' dir='ltr'>manibus</span> <span class='ocrx_word' id='word_1_295' title='bbox 1168 2291 1235 2345; x_wconf 77' lang='lat' dir='ltr'>xvj</span> <span class='ocrx_word' id='word_1_296' title='bbox 1262 2304 1293 2331; x_wconf 89' lang='lat' dir='ltr'>S.</span> <span class='ocrx_word' id='word_1_297' title='bbox 1316 2289 1391 2343; x_wconf 74' lang='lat' dir='ltr'>viij</span> <span class='ocrx_word' id='word_1_298' title='bbox 1416 2290 1457 2329; x_wconf 89' lang='lat' dir='ltr'>d.</span> <span class='ocrx_word' id='word_1_299' title='bbox 1519 2288 1635 2328; x_wconf 85' lang='lat' dir='ltr'>Item</span> 
     </span>
     <span class='ocr_line' id='line_1_34' title="bbox 104 2352 1636 2413; baseline -0.007 -13"><span class='ocrx_word' id='word_1_300' title='bbox 104 2360 201 2413; x_wconf 87' lang='lat' dir='ltr'>lego</span> <span class='ocrx_word' id='word_1_301' title='bbox 229 2360 441 2400; x_wconf 86' lang='lat' dir='ltr'>Marioriae</span> <span class='ocrx_word' id='word_1_302' title='bbox 480 2361 609 2400; x_wconf 90' lang='lat' dir='ltr'>sorori</span> <span class='ocrx_word' id='word_1_303' title='bbox 652 2373 757 2399; x_wconf 67' lang='lat' dir='ltr'>meze</span> <span class='ocrx_word' id='word_1_304' title='bbox 791 2372 937 2399; x_wconf 90' lang='lat' dir='ltr'>meum</span> <span class='ocrx_word' id='word_1_305' title='bbox 972 2358 1137 2398; x_wconf 90' lang='lat' dir='ltr'>lectum</span> <span class='ocrx_word' id='word_1_306' title='bbox 1168 2356 1399 2409; x_wconf 88' lang='lat' dir='ltr'>optimum,</span> <span class='ocrx_word' id='word_1_307' title='bbox 1435 2352 1636 2392; x_wconf 76' lang='lat' dir='ltr'>videlicet</span> 
     </span>
     <span class='ocr_line' id='line_1_35' title="bbox 103 2416 1634 2478; baseline -0.005 -15"><span class='ocrx_word' id='word_1_308' title='bbox 103 2437 242 2463; x_wconf 91' lang='lat' dir='ltr'>unum</span> <span class='ocrx_word' id='word_1_309' title='bbox 292 2425 605 2478; x_wconf 88' lang='lat' dir='ltr'>coopertorium</span> <span class='ocrx_word' id='word_1_310' title='bbox 656 2424 709 2463; x_wconf 88' lang='lat' dir='ltr'>de</span> <span class='ocrx_word' id='word_1_311' title='bbox 752 2421 945 2476; x_wconf 73' lang='lat' dir='ltr'>bulcesyn</span> <span class='ocrx_word' id='word_1_312' title='bbox 985 2435 1083 2462; x_wconf 87' lang='lat' dir='ltr'>cum</span> <span class='ocrx_word' id='word_1_313' title='bbox 1125 2420 1264 2461; x_wconf 89' lang='lat' dir='ltr'>tribus</span> <span class='ocrx_word' id='word_1_314' title='bbox 1306 2421 1539 2471; x_wconf 52' lang='lat' dir='ltr'>warmume</span> <span class='ocrx_word' id='word_1_315' title='bbox 1581 2416 1634 2455; x_wconf 93' lang='lat' dir='ltr'>de</span> 
     </span>
     <span class='ocr_line' id='line_1_36' title="bbox 105 2479 1634 2542; baseline -0.006 -14"><span class='ocrx_word' id='word_1_316' title='bbox 105 2488 270 2538; x_wconf 86' lang='lat' dir='ltr'>eadem,</span> <span class='ocrx_word' id='word_1_317' title='bbox 287 2488 304 2542; x_wconf 91' lang='lat' dir='ltr'>j</span> <span class='ocrx_word' id='word_1_318' title='bbox 329 2492 541 2542; x_wconf 85' lang='lat' dir='ltr'>tapetum,</span> <span class='ocrx_word' id='word_1_319' title='bbox 563 2488 592 2541; x_wconf 89' lang='lat' dir='ltr'>ij</span> <span class='ocrx_word' id='word_1_320' title='bbox 617 2488 791 2538; x_wconf 78' lang='lat' dir='ltr'>lodices,</span> <span class='ocrx_word' id='word_1_321' title='bbox 812 2486 842 2540; x_wconf 90' lang='lat' dir='ltr'>ij</span> <span class='ocrx_word' id='word_1_322' title='bbox 866 2485 1164 2535; x_wconf 85' lang='lat' dir='ltr'>lintheamina,</span> <span class='ocrx_word' id='word_1_323' title='bbox 1181 2483 1198 2538; x_wconf 91' lang='lat' dir='ltr'><strong>j</strong></span> <span class='ocrx_word' id='word_1_324' title='bbox 1224 2496 1402 2533; x_wconf 71' lang='lat' dir='ltr'>canvas,</span> <span class='ocrx_word' id='word_1_325' title='bbox 1419 2481 1436 2536; x_wconf 89' lang='lat' dir='ltr'><strong>j</strong></span> <span class='ocrx_word' id='word_1_326' title='bbox 1456 2479 1634 2536; x_wconf 73' lang='lat' dir='ltr'>pilwer,</span> 
     </span>
     <span class='ocr_line' id='line_1_37' title="bbox 99 2544 1635 2606; baseline -0.006 -14"><span class='ocrx_word' id='word_1_327' title='bbox 99 2550 119 2605; x_wconf 85' lang='lat' dir='ltr'><strong>j</strong></span> <span class='ocrx_word' id='word_1_328' title='bbox 141 2550 302 2603; x_wconf 70' lang='lat' dir='ltr'>selom,</span> <span class='ocrx_word' id='word_1_329' title='bbox 319 2551 337 2606; x_wconf 87' lang='lat' dir='ltr'><strong>j</strong></span> <span class='ocrx_word' id='word_1_330' title='bbox 361 2556 508 2606; x_wconf 82' lang='lat' dir='ltr'>togam</span> <span class='ocrx_word' id='word_1_331' title='bbox 521 2552 698 2592; x_wconf 85' lang='lat' dir='ltr'>rubeam</span> <span class='ocrx_word' id='word_1_332' title='bbox 712 2564 797 2591; x_wconf 92' lang='lat' dir='ltr'>non</span> <span class='ocrx_word' id='word_1_333' title='bbox 810 2550 1084 2603; x_wconf 79' lang='lat' dir='ltr'>paenulatam,</span> <span class='ocrx_word' id='word_1_334' title='bbox 1099 2562 1196 2588; x_wconf 89' lang='lat' dir='ltr'>cum</span> <span class='ocrx_word' id='word_1_335' title='bbox 1213 2547 1387 2601; x_wconf 84' lang='lat' dir='ltr'>capucio</span> <span class='ocrx_word' id='word_1_336' title='bbox 1401 2546 1453 2586; x_wconf 91' lang='lat' dir='ltr'>de</span> <span class='ocrx_word' id='word_1_337' title='bbox 1471 2544 1635 2593; x_wconf 87' lang='lat' dir='ltr'>eadem,</span> 
     </span>
     <span class='ocr_line' id='line_1_38' title="bbox 99 2607 1632 2670; baseline -0.006 -15"><span class='ocrx_word' id='word_1_338' title='bbox 99 2614 290 2669; x_wconf 86' lang='lat' dir='ltr'>jzonam</span> <span class='ocrx_word' id='word_1_339' title='bbox 313 2619 564 2670; x_wconf 87' lang='lat' dir='ltr'>argenteam</span> <span class='ocrx_word' id='word_1_340' title='bbox 598 2615 829 2655; x_wconf 86' lang='lat' dir='ltr'>secundam</span> <span class='ocrx_word' id='word_1_341' title='bbox 860 2628 959 2653; x_wconf 87' lang='lat' dir='ltr'>cum</span> <span class='ocrx_word' id='word_1_342' title='bbox 990 2613 1168 2653; x_wconf 88' lang='lat' dir='ltr'>cultello</span> <span class='ocrx_word' id='word_1_343' title='bbox 1198 2612 1571 2664; x_wconf 85' lang='lat' dir='ltr'>deargententato,</span> <span class='ocrx_word' id='word_1_344' title='bbox 1602 2607 1632 2659; x_wconf 85' lang='lat' dir='ltr'>ij</span> 
     </span>
     <span class='ocr_line' id='line_1_39' title="bbox 105 2672 1636 2733; baseline -0.005 -14"><span class='ocrx_word' id='word_1_345' title='bbox 105 2679 306 2730; x_wconf 88' lang='lat' dir='ltr'>andenas,</span> <span class='ocrx_word' id='word_1_346' title='bbox 333 2679 350 2733; x_wconf 91' lang='lat' dir='ltr'><strong>j</strong></span> <span class='ocrx_word' id='word_1_347' title='bbox 384 2679 604 2733; x_wconf 86' lang='lat' dir='ltr'>patellam,</span> <span class='ocrx_word' id='word_1_348' title='bbox 631 2678 648 2732; x_wconf 90' lang='lat' dir='ltr'><strong>j</strong></span> <span class='ocrx_word' id='word_1_349' title='bbox 682 2679 898 2718; x_wconf 80' lang='lat' dir='ltr'>lavacrum</span> <span class='ocrx_word' id='word_1_350' title='bbox 919 2677 1127 2731; x_wconf 87' lang='lat' dir='ltr'>pendens,</span> <span class='ocrx_word' id='word_1_351' title='bbox 1144 2675 1161 2730; x_wconf 87' lang='lat' dir='ltr'><strong>j</strong></span> <span class='ocrx_word' id='word_1_352' title='bbox 1187 2673 1391 2728; x_wconf 72' lang='lat' dir='ltr'>chaufer,</span> <span class='ocrx_word' id='word_1_353' title='bbox 1413 2687 1488 2727; x_wconf 85' lang='lat' dir='ltr'>par</span> <span class='ocrx_word' id='word_1_354' title='bbox 1509 2672 1636 2712; x_wconf 84' lang='lat' dir='ltr'>forci-</span> 
     </span>
    </p>
   </div>
   <div class='ocr_carea' id='block_1_3' title="bbox 107 2777 1637 2987">
    <p class='ocr_par' dir='ltr' id='par_1_3' title="bbox 107 2777 1637 2987">
     <span class='ocr_line' id='line_1_40' title="bbox 180 2777 1637 2830; baseline -0.005 -11"><span class='ocrx_word' id='word_1_355' title='bbox 180 2785 236 2829; x_wconf 81' lang='grc'>(1)</span> <span class='ocrx_word' id='word_1_356' title='bbox 264 2785 428 2830; x_wconf 80' lang='lat' dir='ltr'>Halling‚</span> <span class='ocrx_word' id='word_1_357' title='bbox 456 2785 510 2819; x_wconf 83' lang='lat' dir='ltr'>i.e.</span> <span class='ocrx_word' id='word_1_358' title='bbox 541 2788 703 2830; x_wconf 79' lang='lat' dir='ltr'>tapestry</span> <span class='ocrx_word' id='word_1_359' title='bbox 728 2784 815 2818; x_wconf 85' lang='lat' dir='ltr'>such</span> <span class='ocrx_word' id='word_1_360' title='bbox 843 2794 882 2817; x_wconf 83' lang='lat' dir='ltr'>as</span> <span class='ocrx_word' id='word_1_361' title='bbox 911 2782 1002 2817; x_wconf 81' lang='lat' dir='ltr'>halls</span> <span class='ocrx_word' id='word_1_362' title='bbox 1030 2793 1124 2816; x_wconf 80' lang='lat' dir='ltr'>were</span> <span class='ocrx_word' id='word_1_363' title='bbox 1152 2782 1251 2826; x_wconf 81' lang='lat' dir='ltr'>hung</span> <span class='ocrx_word' id='word_1_364' title='bbox 1277 2780 1380 2814; x_wconf 81' lang='lat' dir='ltr'>with.</span> <span class='ocrx_word' id='word_1_365' title='bbox 1430 2778 1528 2812; x_wconf 86' lang='lat' dir='ltr'>‘The</span> <span class='ocrx_word' id='word_1_366' title='bbox 1555 2777 1637 2811; x_wconf 80' lang='lat' dir='ltr'>best</span> 
     </span>
     <span class='ocr_line' id='line_1_41' title="bbox 108 2830 1636 2883; baseline -0.005 -13"><span class='ocrx_word' id='word_1_367' title='bbox 108 2837 268 2882; x_wconf 72' lang='lat' dir='ltr'>hallynye</span> <span class='ocrx_word' id='word_1_368' title='bbox 296 2837 450 2883; x_wconf 85' lang='lat' dir='ltr'>hanged,</span> <span class='ocrx_word' id='word_1_369' title='bbox 485 2849 523 2871; x_wconf 85' lang='lat' dir='ltr'>as</span> <span class='ocrx_word' id='word_1_370' title='bbox 556 2848 680 2871; x_wconf 82' lang='lat' dir='ltr'>reason</span> <span class='ocrx_word' id='word_1_371' title='bbox 707 2848 792 2875; x_wconf 78' lang='lat' dir='ltr'>was,</span> <span class='ocrx_word' id='word_1_372' title='bbox 822 2835 980 2870; x_wconf 78' lang='lat' dir='ltr'>wherein</span> <span class='ocrx_word' id='word_1_373' title='bbox 1013 2847 1106 2869; x_wconf 78' lang='lat' dir='ltr'>were</span> <span class='ocrx_word' id='word_1_374' title='bbox 1139 2833 1304 2878; x_wconf 73' lang='lat' dir='ltr'>wrought</span> <span class='ocrx_word' id='word_1_375' title='bbox 1345 2832 1404 2866; x_wconf 85' lang='lat' dir='ltr'>the</span> <span class='ocrx_word' id='word_1_376' title='bbox 1434 2831 1482 2865; x_wconf 82' lang='lat' dir='ltr'>ix.</span> <span class='ocrx_word' id='word_1_377' title='bbox 1517 2830 1636 2865; x_wconf 82' lang='lat' dir='ltr'>ordres</span> 
     </span>
     <span class='ocr_line' id='line_1_42' title="bbox 107 2883 1636 2935; baseline -0.005 -11"><span class='ocrx_word' id='word_1_378' title='bbox 107 2889 621 2935; x_wconf 69' lang='lat' dir='ltr'>augelymll.&#39;——‘Bradshaw&#39;s</span> <span class='ocrx_word' id='word_1_379' title='bbox 649 2888 813 2922; x_wconf 82' lang='lat' dir='ltr'>Metrical</span> <span class='ocrx_word' id='word_1_380' title='bbox 842 2888 922 2922; x_wconf 76' lang='lat' dir='ltr'>Life</span> <span class='ocrx_word' id='word_1_381' title='bbox 956 2887 996 2921; x_wconf 86' lang='lat' dir='ltr'>of</span> <span class='ocrx_word' id='word_1_382' title='bbox 1031 2887 1083 2921; x_wconf 84' lang='lat' dir='ltr'>St.</span> <span class='ocrx_word' id='word_1_383' title='bbox 1120 2885 1338 2931; x_wconf 55' lang='lat' dir='ltr'>XVerbmgh,</span> <span class='ocrx_word' id='word_1_384' title='bbox 1368 2883 1486 2918; x_wconf 83' lang='lat' dir='ltr'>before</span> <span class='ocrx_word' id='word_1_385' title='bbox 1522 2883 1636 2917; x_wconf 61' lang='lat'>1500:</span> 
     </span>
     <span class='ocr_line' id='line_1_43' title="bbox 107 2941 952 2987; baseline -0.002 -10"><span class='ocrx_word' id='word_1_386' title='bbox 107 2942 173 2977; x_wconf 84' lang='lat' dir='ltr'>Ed.</span> <span class='ocrx_word' id='word_1_387' title='bbox 192 2942 368 2977; x_wconf 77' lang='lat' dir='ltr'>Chetham</span> <span class='ocrx_word' id='word_1_388' title='bbox 386 2942 464 2976; x_wconf 79' lang='lat' dir='ltr'>Soc.</span> <span class='ocrx_word' id='word_1_389' title='bbox 483 2953 515 2987; x_wconf 88' lang='lat' dir='ltr'>p.</span> <span class='ocrx_word' id='word_1_390' title='bbox 535 2943 576 2975; x_wconf 80' lang='grc'>61</span> <span class='ocrx_word' id='word_1_391' title='bbox 595 2955 602 2976; x_wconf 83' lang='grc'>;</span> <span class='ocrx_word' id='word_1_392' title='bbox 633 2942 796 2982; x_wconf 78' lang='lat' dir='ltr'>Warton‚</span> <span class='ocrx_word' id='word_1_393' title='bbox 816 2941 850 2974; x_wconf 87' lang='lat' dir='ltr'>ii.</span> <span class='ocrx_word' id='word_1_394' title='bbox 870 2941 952 2975; x_wconf 80' lang='lat'><strong><em>377.</em></strong></span> 
     </span>
    </p>
   </div>
   <div class='ocr_carea' id='block_1_4' title="bbox 1768 174 1862 220">
    <p class='ocr_par' dir='ltr' id='par_1_4' title="bbox 1768 174 1862 220">
     <span class='ocr_line' id='line_1_44' title="bbox 1768 174 1862 220; baseline 0 0"><span class='ocrx_word' id='word_1_395' title='bbox 1768 174 1862 220; x_wconf 81' lang='lat'>329</span> 
     </span>
    </p>
   </div>
   <div class='ocr_carea' id='block_1_5' title="bbox 1663 508 1814 706">
    <p class='ocr_par' dir='ltr' id='par_1_5' title="bbox 1663 508 1814 706">
     <span class='ocr_line' id='line_1_45' title="bbox 1663 508 1778 538; baseline 0 0"><span class='ocrx_word' id='word_1_396' title='bbox 1663 509 1709 538; x_wconf 94' lang='lat' dir='ltr'>To</span> <span class='ocrx_word' id='word_1_397' title='bbox 1725 508 1778 538; x_wconf 79' lang='lat' dir='ltr'>the</span> 
     </span>
     <span class='ocr_line' id='line_1_46' title="bbox 1664 548 1786 578; baseline 0 -1"><span class='ocrx_word' id='word_1_398' title='bbox 1664 548 1786 578; x_wconf 80' lang='lat' dir='ltr'>Vicars.</span> 
     </span>
     <span class='ocr_line' id='line_1_47' title="bbox 1666 588 1778 617; baseline -0.009 0"><span class='ocrx_word' id='word_1_399' title='bbox 1666 588 1710 617; x_wconf 90' lang='lat' dir='ltr'>To</span> <span class='ocrx_word' id='word_1_400' title='bbox 1726 588 1778 616; x_wconf 86' lang='lat' dir='ltr'>the</span> 
     </span>
     <span class='ocr_line' id='line_1_48' title="bbox 1666 627 1814 665; baseline -0.014 -7"><span class='ocrx_word' id='word_1_401' title='bbox 1666 627 1814 665; x_wconf 79' lang='lat' dir='ltr'>Chantry</span> 
     </span>
     <span class='ocr_line' id='line_1_49' title="bbox 1666 667 1790 706; baseline 0 -10"><span class='ocrx_word' id='word_1_402' title='bbox 1666 667 1790 706; x_wconf 79' lang='lat' dir='ltr'>priests.</span> 
     </span>
    </p>
   </div>
   <div class='ocr_carea' id='block_1_6' title="bbox 1665 958 1808 1068">
    <p class='ocr_par' dir='ltr' id='par_1_6' title="bbox 1665 958 1808 1068">
     <span class='ocr_line' id='line_1_50' title="bbox 1665 958 1782 988; baseline -0.017 0"><span class='ocrx_word' id='word_1_403' title='bbox 1665 958 1710 988; x_wconf 91' lang='lat' dir='ltr'>To</span> <span class='ocrx_word' id='word_1_404' title='bbox 1727 958 1782 987; x_wconf 85' lang='lat' dir='ltr'>the</span> 
     </span>
     <span class='ocr_line' id='line_1_51' title="bbox 1665 999 1808 1034; baseline -0.007 -7"><span class='ocrx_word' id='word_1_405' title='bbox 1665 999 1808 1034; x_wconf 80' lang='lat' dir='ltr'>deacons,</span> 
     </span>
     <span class='ocr_line' id='line_1_52' title="bbox 1666 1043 1725 1068; baseline -0.034 0"><span class='ocrx_word' id='word_1_406' title='bbox 1666 1043 1725 1068; x_wconf 87' lang='lat' dir='ltr'>etc.</span> 
     </span>
    </p>
   </div>
   <div class='ocr_carea' id='block_1_7' title="bbox 1666 1405 1858 1633">
    <p class='ocr_par' dir='ltr' id='par_1_7' title="bbox 1666 1405 1858 1633">
     <span class='ocr_line' id='line_1_53' title="bbox 1666 1405 1840 1436; baseline 0 -1"><span class='ocrx_word' id='word_1_407' title='bbox 1666 1405 1763 1436; x_wconf 82' lang='lat' dir='ltr'>Altar</span> <span class='ocrx_word' id='word_1_408' title='bbox 1778 1406 1840 1435; x_wconf 81' lang='lat' dir='ltr'>and</span> 
     </span>
     <span class='ocr_line' id='line_1_54' title="bbox 1667 1446 1823 1480; baseline -0.006 -6"><span class='ocrx_word' id='word_1_409' title='bbox 1667 1446 1773 1480; x_wconf 61' lang='lat' dir='ltr'>image</span> <span class='ocrx_word' id='word_1_410' title='bbox 1789 1447 1823 1473; x_wconf 75' lang='lat' dir='ltr'>os</span> 
     </span>
     <span class='ocr_line' id='line_1_55' title="bbox 1669 1485 1828 1523; baseline -0.006 -9"><span class='ocrx_word' id='word_1_411' title='bbox 1669 1485 1715 1514; x_wconf 81' lang='lat' dir='ltr'>St.</span> <span class='ocrx_word' id='word_1_412' title='bbox 1734 1485 1828 1523; x_wconf 66' lang='lat' dir='ltr'>Mary</span> 
     </span>
     <span class='ocr_line' id='line_1_56' title="bbox 1670 1525 1858 1554; baseline -0.005 0"><span class='ocrx_word' id='word_1_413' title='bbox 1670 1525 1787 1554; x_wconf 84' lang='lat' dir='ltr'>behind</span> <span class='ocrx_word' id='word_1_414' title='bbox 1803 1525 1858 1553; x_wconf 73' lang='grc'>1110</span> 
     </span>
     <span class='ocr_line' id='line_1_57' title="bbox 1669 1564 1855 1601; baseline -0.005 -9"><span class='ocrx_word' id='word_1_415' title='bbox 1669 1564 1748 1601; x_wconf 84' lang='lat' dir='ltr'>high</span> <span class='ocrx_word' id='word_1_416' title='bbox 1763 1564 1855 1599; x_wconf 73' lang='lat' dir='ltr'>altar,</span> 
     </span>
     <span class='ocr_line' id='line_1_58' title="bbox 1668 1606 1730 1633; baseline 0.016 -1"><span class='ocrx_word' id='word_1_417' title='bbox 1668 1606 1730 1633; x_wconf 86' lang='lat' dir='ltr'>ete.</span> 
     </span>
    </p>
   </div>
   <div class='ocr_carea' id='block_1_8' title="bbox 1668 1982 1857 2091">
    <p class='ocr_par' dir='ltr' id='par_1_8' title="bbox 1668 1982 1857 2091">
     <span class='ocr_line' id='line_1_59' title="bbox 1669 1982 1857 2014; baseline 0.005 -2"><span class='ocrx_word' id='word_1_418' title='bbox 1669 1982 1782 2014; x_wconf 78' lang='lat' dir='ltr'>Books.</span> <span class='ocrx_word' id='word_1_419' title='bbox 1799 1986 1857 2013; x_wconf 83' lang='lat' dir='ltr'>etc.</span> 
     </span>
     <span class='ocr_line' id='line_1_60' title="bbox 1668 2022 1785 2052; baseline 0.009 -1"><span class='ocrx_word' id='word_1_420' title='bbox 1668 2023 1716 2051; x_wconf 85' lang='lat' dir='ltr'>for</span> <span class='ocrx_word' id='word_1_421' title='bbox 1731 2022 1785 2052; x_wconf 85' lang='lat' dir='ltr'>the</span> 
     </span>
     <span class='ocr_line' id='line_1_61' title="bbox 1669 2062 1794 2091; baseline -0.008 0"><span class='ocrx_word' id='word_1_422' title='bbox 1669 2062 1794 2091; x_wconf 87' lang='lat' dir='ltr'>church.</span> 
     </span>
    </p>
   </div>
   <div class='ocr_carea' id='block_1_9' title="bbox 1670 2365 1870 2435">
    <p class='ocr_par' dir='ltr' id='par_1_9' title="bbox 1670 2365 1870 2435">
     <span class='ocr_line' id='line_1_62' title="bbox 1670 2365 1870 2404; baseline 0 -9"><span class='ocrx_word' id='word_1_423' title='bbox 1670 2365 1822 2404; x_wconf 79' lang='lat' dir='ltr'>Bequcsts</span> <span class='ocrx_word' id='word_1_424' title='bbox 1838 2368 1870 2395; x_wconf 80' lang='lat' dir='ltr'>to</span> 
     </span>
     <span class='ocr_line' id='line_1_63' title="bbox 1670 2406 1829 2435; baseline 0.006 -1"><span class='ocrx_word' id='word_1_425' title='bbox 1670 2406 1829 2435; x_wconf 81' lang='lat' dir='ltr'>relatives.</span> 
     </span>
    </p>
   </div>
  </div>
 </body>
</html>
