1915 3068
406 169 640 202 EXCERI‘TS
676 167 804 202 FRoM
842 168 1147 211 CIIRONICLES,
1186 169 1280 202 E'rc.

70 282 284 332 dirutum,
306 281 418 334 quod
441 282 558 334 prius
579 282 786 322 extiterat
817 279 989 335 hymnis
1020 283 1063 320 et
1095 281 1273 320 canticis
1306 279 1602 333 spiritualibus

70 347 320 401 gloriosum,
343 345 469 385 modo
491 349 584 385 erat
605 346 791 386 ferarum
816 348 860 385 et
878 344 1177 398 jumentorum
1201 344 1395 385 sordibus
1418 343 1604 398 ignomi-

69 411 252 450 niosum.
316 409 475 463 Corpus
507 410 673 449 interea
704 409 839 464 ipsius
871 409 1081 448 antistitis
1114 407 1275 449 Christi
1304 408 1419 448 omni
1444 406 1602 446 honore

71 475 302 527 privatum,
324 474 438 513 inter
470 474 583 526 ipsas
617 474 758 514 sordes
791 474 929 526 primo
963 473 1198 526 sepulturae
1222 486 1308 512 suae
1331 472 1420 512 loco
1443 471 1601 510 mansit

71 539 316 577 immotum.
379 537 463 577 Sed
487 537 770 590 Omnipotens
792 538 923 587 Deus,
947 537 1029 584 Qui
1054 537 1139 577 Sua
1161 537 1325 590 pietate
1357 540 1403 576 ct
1429 535 1603 589 justitia

72 602 224 654 nequit
255 601 425 654 privari,
457 602 724 654 quorundam
757 601 867 640 bene
898 601 1195 655 religiosorum
1227 605 1396 641 mentes
1428 601 1472 639 in
1504 613 1603 639 con-

74 665 375 705 siderationem
406 668 539 704 tantae
571 666 630 704 rei
664 666 838 716 excitat,
869 668 999 718 atque
1030 665 1081 704 ad
1111 665 1454 705 demutationem
1487 663 1603 703 illius

72 729 276 769 affectum
317 729 378 768 eis
410 728 699 782 effectumque
742 729 972 768 ministrat.
1036 728 1232 783 Regebat
1263 743 1313 768 ea
1342 732 1602 781 tempestate

74 793 444 835 Christianitatem
460 793 673 833 virbonus
695 796 741 833 et
763 797 949 843 sanctus,
968 792 1059 832 Odo
1074 792 1392 833 Cantuariensis
1415 793 1604 833 ecclesiae

71 857 431 910 archiepiscopus,
463 860 615 910 utpote
647 858 783 897 totius
816 858 1051 897 Britanniae
1087 857 1260 910 primas,
1292 858 1366 911 qui
1402 857 1604 910 quoniam

73 936 149 962 sua
164 921 452 961 sollicitudine
467 921 821 974 dispositionibus
836 922 1029 961 omnium
1045 922 1321 961 ecclesiarum
1336 920 1605 975 invigilabat,

73 987 185 1040 ipsas
226 985 439 1035 ecclesias,
471 989 599 1039 prout
633 987 742 1025 ratio
778 985 1036 1038 postulabat,
1069 986 1241 1025 visitare
1275 985 1451 1025 solebat.
1514 986 1607 1032 Qua

75 1050 364 1091 sollicitudine
399 1052 535 1100 actus,
571 1064 670 1090 cum
707 1050 891 1103 quodam
927 1054 1120 1103 tempore
1156 1049 1468 1090 Eboracensem
1511 1063 1607 1102 pro-

75 1114 259 1154 vinciam
290 1114 466 1163 adisset,
499 1117 543 1153 et
575 1128 625 1154 ea
655 1128 730 1167 pro
761 1115 918 1168 quibus
950 1117 1125 1154 venerat
1158 1116 1331 1154 strenue
1355 1114 1606 1168 peregisset,

75 1180 128 1220 ad
152 1180 311 1232 Ripum
333 1180 490 1233 pergit,
512 1179 828 1219 Monasterium
861 1179 985 1219 Beati
1006 1179 1194 1218 Wilfridi
1228 1179 1603 1219 consideraturus)

76 1244 250 1294 Aderat,
273 1247 317 1283 et
338 1242 508 1283 horrida
530 1243 763 1283 solitudine
786 1244 876 1283 visa
896 1243 1093 1296 lacrymis
1115 1247 1276 1283 manat.
1339 1243 1432 1291 Quo
1455 1243 1540 1283 illis
1561 1244 1606 1282 in

76 1308 269 1362 partibus
291 1308 559 1358 demorante,
581 1308 627 1358 ii,
650 1322 833 1361 quorum
864 1308 1003 1358 corda,
1026 1310 1078 1347 ut
1108 1307 1209 1357 dixi,
1233 1308 1350 1347 Deus
1381 1308 1434 1347 ad
1456 1308 1608 1347 demu-

76 1373 285 1413 tationem
307 1372 492 1412 coelestis
515 1370 707 1412 thesauri
728 1372 950 1426 tetigerat,
972 1372 1055 1411 rati
1088 1385 1130 1411 se
1163 1371 1532 1424 opportunitatem
1554 1369 1606 1410 ad

76 1437 365 1490 expletionem
403 1450 489 1476 suae
521 1436 755 1476 voluntatis
786 1436 1014 1489 accepisse,
1046 1437 1265 1489 praemissa
1298 1435 1609 1488 supplicatione

75 1501 129 1541 ad
170 1501 419 1551 Dominum,
450 1500 564 1553 quod
607 1501 682 1540 diu
723 1503 871 1540 mente
913 1503 1217 1549 tractaverant,
1259 1513 1386 1553 opere
1427 1498 1608 1552 implere

78 1564 346 1618 satagebant.
408 1564 563 1618 Sicque
596 1564 760 1603 factum
792 1567 870 1604 est.
933 1564 1045 1603 Nam
1077 1567 1241 1603 statuto
1272 1564 1342 1603 die
1373 1563 1426 1603 ad
1468 1562 1609 1602 locum

77 1629 289 1677 veniunt3
320 1631 480 1668 terram
511 1628 586 1668 ubi
618 1642 770 1681 corpus
807 1628 930 1667 Beati
962 1627 1151 1667 Wilfridi
1184 1627 1403 1681 sepultum
1438 1626 1611 1680 jacebat

76 1693 308 1746 aperiunt3
339 1693 484 1732 omnia
514 1706 608 1732 ossa
647 1695 894 1732 reverenter
924 1706 1024 1732 cum
1065 1692 1242 1746 pulvere
1284 1691 1443 1741 levant,
1481 1694 1526 1731 et
1561 1704 1612 1730 ea

78 1756 312 1796 venerabili
345 1755 643 1797 Cantuariensi
674 1755 992 1809 archiepiscopo
1024 1756 1163 1797 Odoni
1195 1759 1471 1809 praesentant,
1503 1769 1609 1808 qua-

78 1823 207 1860 tenus
228 1821 320 1874 ipse
344 1834 392 1860 ea
415 1820 688 1861 Cantuariam
712 1834 855 1861 secum
878 1820 1078 1870 deferret,
1101 1823 1146 1860 et
1167 1821 1211 1859 in
1235 1819 1413 1860 ecclesia
1435 1818 1610 1869 Christi,

79 1885 149 1924 cui
180 1884 450 1938 praesidebat,
472 1899 547 1938 pro
579 1889 679 1925 voto
711 1885 974 1926 reconderet.
1036 1885 1302 1925 Monasterio
1324 1885 1487 1924 etenim
1518 1884 1610 1937 ipso

78 1962 163 2002 quo
184 1948 357 1989 condita
377 1948 563 1999 fuerant,
587 1949 824 1989 secundum
846 1949 958 2002 quod
980 1949 1234 2002 praedictum
1258 1952 1336 1998 est,
1352 1949 1397 1987 in
1415 1947 1610 1987 solitudi-

81 2025 182 2052 nem
204 2012 489 2052 miserandam
511 2013 698 2063 redacto,
719 2013 867 2053 nullus
898 2013 1007 2052 inibi
1039 2013 1158 2052 locus
1190 2013 1421 2062 resederat,
1448 2013 1493 2051 in
1527 2025 1612 2065 quo

78 2076 207 2116 locari
231 2077 472 2129 servarique
496 2080 592 2116 tuto
609 2077 815 2117 valerent.
849 2077 1053 2125 Quocirca
1066 2077 1264 2116 arbitrati
1282 2080 1383 2116 sunt
1398 2090 1611 2129 nusquam

77 2141 218 2180 tutius
249 2143 325 2180 aut
350 2139 514 2194 justius
547 2154 596 2180 ea
628 2144 844 2181 servatum
870 2141 923 2180 iri
955 2155 1076 2194 posse
1110 2141 1178 2180 vel
1209 2141 1381 2190 debere,
1405 2154 1535 2193 quam
1566 2140 1611 2179 in

78 2204 256 2244 ecclesia
277 2204 604 2254 Cantuariensi3
636 2219 686 2244 ea
714 2205 917 2245 videlicet
942 2219 1082 2255 causa,
1104 2205 1218 2258 quod
1240 2208 1285 2244 et
1316 2205 1390 2244 illo
1418 2208 1610 2257 tempore

81 2268 231 2308 Cantia
243 2282 398 2322 magna
420 2282 520 2321 pace
544 2269 714 2323 vigebat
735 2284 746 2318 ;
779 2273 824 2309 et
844 2269 944 2322 quia
966 2270 1056 2322 ipse
1079 2269 1231 2308 beatus
1254 2270 1318 2308 vir
1340 2268 1442 2308 olim
1465 2268 1612 2307 fraude

79 2332 346 2385 quorundam
390 2332 703 2385 supplantatus,
746 2333 983 2372 conversari
1026 2347 1113 2372 non
1155 2336 1295 2386 posset
1341 2333 1385 2371 in
1437 2333 1613 2371 ecclesia

81 2396 350 2446 Eboracensi,
365 2396 508 2436 eidem
525 2396 714 2435 ecclesiae
732 2395 1029 2436 Cantuariensi
1044 2410 1119 2449 per
1134 2396 1392 2435 sacerdotale
1410 2396 1612 2444 officium,

81 2464 132 2500 ut
148 2460 274 2513 longe
293 2473 420 2513 supra
436 2460 680 2510 retulimus,
694 2473 838 2500 curam
853 2460 1155 2513 impenderat.2
1208 2460 1233 2500 J
1240 2464 1386 2499 ustum
1403 2459 1612 2512 siquidem

83 2563 289 2608 (YValbran,
306 2565 422 2608 Ri'pon
448 2564 571 2607 Guide,
596 2564 701 2607 1875,
727 2575 759 2609 p.
790 2563 998 2609 75.)—T11is
1015 2565 1044 2598 is
1062 2563 1233 2610 probably
1255 2563 1315 2597 the
1334 2562 1482 2597 ‘hostile
1500 2562 1612 2597 incur-

80 2616 155 2651 sion
170 2617 177 2631 ’
194 2616 347 2650 referred
365 2622 402 2649 to
419 2615 455 2650 iu
474 2616 535 2650 the
553 2621 641 2650 text.
694 2616 777 2661 (See
795 2616 920 2659 Raine,
939 2616 1041 2650 Fasti
1057 2616 1163 2650 Ebor.
1186 2616 1282 2657 115.)

152 2669 209 2714 (1)
237 2669 323 2702 This
342 2668 523 2702 visitation
541 2680 615 2702 was
627 2668 799 2714 probably
818 2668 920 2702 made
936 2670 1010 2703 sede
1028 2673 1178 2703 vacante.
1222 2667 1408 2701 KVulsstan
1427 2667 1470 2710 I.‚
1490 2667 1610 2701 Arch-

79 2719 206 2766 bishop
223 2720 263 2755 of
276 2720 388 2763 York‚
407 2732 481 2754 was
499 2720 713 2766 imprisoned
736 2720 785 2766 by
811 2721 954 2755 Eadred
970 2721 1004 2754 in
1031 2721 1112 2763 959,
1132 2720 1200 2754 and
1218 2732 1326 2754 never
1344 2731 1442 2753 more
1460 2719 1611 2753 allowed

79 2777 117 2807 to
142 2779 266 2806 return
294 2777 330 2806 to
356 2771 411 2806 his
440 2784 509 2814 see,
534 2773 674 2817 though
702 2784 787 2807 soon
817 2779 867 2807 set
899 2778 937 2807 at
963 2773 1287 2818 liberty—(Fasti,
1316 2772 1412 2814 116.)
1463 2771 1613 2816 Oskytel

81 2825 271 2859 succeeded
289 2825 323 2858 in
341 2826 422 2859 956.
449 2825 525 2859 Odo
543 2825 571 2859 is
589 2826 666 2860 said
678 2832 715 2860 to
732 2825 823 2860 have
838 2825 998 2872 repaired
1014 2825 1130 2871 Ripon
1148 2825 1300 2860 Minster
1317 2826 1415 2871 ‘post
1438 2823 1613 2858 Danicum

81 2877 383 2911 furorem.‘—Lel.
408 2878 489 2912 Call.
507 2877 528 2912 i.
547 2878 604 2912 54.

157 2931 213 2972 (2)
241 2929 306 2964 See
325 2929 449 2973 above,
466 2941 499 2976 p.
519 2931 551 2964 8.

1638 417 1814 448 wilfrit11·s

1638 459 1720 496 body
1735 458 1796 487 ‹lis-

1639 498 1810 527 honoured.

1639 748 1708 768 AJ).
1725 740 1783 768 942
1805 742 1838 769 to

1639 781 1709 808 959.

1641 1070 1665 1087 C.
1686 1067 1704 1087 Λ
1711 1067 1753 1088 ,Β-
1772 1059 1840 1088 952.

1644 1115 1747 1143 Arch-

1642 1154 1749 1199 bishop
1771 1153 1840 1184 Odo

1641 1198 1732 1222 v1s1ts

1642 1233 1756 1271 Ripun,

1643 1573 1810 1601 examines

1646 1611 1819 1640 Wilfrith's

1644 1660 1752 1689 grave,
1767 1652 1829 1680 and

1645 1691 1734 1719 takes
1747 1700 1788 1728 up
1800 1690 1843 1720 all

1645 1730 1699 1758 the
1714 1730 1809 1759 bones

1644 1770 1708 1798 and
1724 1769 1810 1798 dust.

1644 1887 1710 1917 The
1720 1896 1843 1917 monas-

1644 1931 1713 1972 tery
1731 1927 1825 1972 being

1644 1976 1676 1995 in
1692 1976 1790 2002 ruins,

1645 2084 1670 2113 it.
1687 2084 1713 2112 is

1646 2123 1787 2160 thought

1648 2163 1716 2191 that
1733 2163 1787 2191 the

1647 2202 1738 2231 relies
1754 2202 1818 2230 had

1648 2242 1747 2270 better
1761 2251 1803 2276 go

1648 2286 1678 2309 to
1695 2282 1824 2310 Canter-

1647 2321 1740 2358 bury,

1647 2466 1748 2494 where
1768 2465 1806 2494 he

1648 2505 1710 2534 had
1729 2505 1806 2534 been
