1935 3151
101 128 193 175 174
815 143 1088 175 MEMoRlALs
1125 143 1182 174 OF
1220 143 1376 176 RIPON.

332 267 405 293 suc
416 254 641 294 fessoribus
666 255 752 294 suis
775 255 826 294 de
849 255 970 294 uobis
994 255 1136 294 Priore
1170 259 1210 294 et
1246 259 1462 295 conventu
1486 259 1526 295 et
1553 257 1865 297 successoribus

331 319 487 357 nostris
509 319 845 373 imperpetuum.

98 396 294 433 lfinarrear,
418 383 474 421 Et
521 383 698 436 insuper
739 397 837 422 cum
879 396 955 422 nos
997 383 1118 422 Prior
1159 386 1204 422 et
1255 387 1492 423 conventus
1535 398 1608 437 per
1654 385 1865 438 scriptum

96 437 284 514 affffi'yws·
329 450 526 486 nostrum
558 448 810 500 praedictum
843 448 1177 487 concesserimus
1208 461 1284 500 pro
1320 448 1443 487 uobis
1477 451 1520 488 et
1554 449 1865 489 successoribus

97 515 176 544 with
192 516 244 544 the
328 511 483 550 nostris
514 511 691 565 praefato
721 511 912 565 capitulo
943 511 1131 551 ecclesiae
1162 512 1401 566 collegiatae
1433 512 1486 552 de
1518 512 1672 566 Ripon’
1694 516 1739 552 et
1771 527 1866 552 suc-

96 563 227 584 arrears.
328 574 563 614 cessoribus
596 576 696 626 suis,
720 575 833 629 quod
864 575 1254 629 quocienscumque
1287 589 1364 615 nos
1401 576 1523 616 Prior
1560 579 1604 616 et
1629 581 1865 616 conventus

329 641 374 677 et
407 652 665 679 successores
696 639 831 678 nostri
860 638 1159 690 defecerimus,
1181 644 1257 679 aut
1278 639 1432 693 aliquis
1455 653 1746 679 successorum
1767 654 1864 680 nos-

328 705 494 741 trorum
516 703 723 743 defecerit
750 703 797 742 in
828 702 1021 742 futurum
1056 704 1102 743 in
1133 704 1346 743 solucione
1376 704 1481 743 dicti
1509 705 1642 743 annui
1670 704 1864 744 redditus

327 766 475 806 decem
517 780 758 806 marcarum
799 767 867 806 vel
909 765 1092 819 alicujus
1134 767 1328 821 parcellae
1362 767 1570 821 ejusdem,
1607 768 1660 807 ad
1701 767 1864 821 aliquid

326 829 486 869 festum
529 831 756 871 solucionis
798 831 898 871 inde
934 832 1129 884 superius
1165 832 1377 882 limitatae,
1413 832 1578 871 tociens
1613 845 1689 871 nos
1723 832 1864 872 dictus

327 893 448 934 Prior
489 898 534 934 et
575 899 810 935 conventus
852 899 897 934 et
949 908 1209 935 successores
1251 896 1388 935 nostri
1431 895 1644 936 solvemus
1685 895 1864 949 praefato

327 958 514 1011 capitulo
537 959 722 999 ecclesiae
744 959 981 1013 collegiatae
1003 962 1046 998 et
1069 960 1378 999 successoribus
1411 960 1498 999 suis
1518 960 1571 999 ad
1592 959 1862 1000 antedictum

325 1022 459 1062 altare
481 1023 523 1061 xl
547 1022 699 1063 solidos
735 1024 908 1063 nomine
940 1037 1075 1076 poenae
1107 1037 1204 1063 cum
1230 1025 1451 1078 arreragiis
1477 1024 1582 1063 dicti
1614 1024 1747 1063 annui
1768 1024 1863 1064 red-

326 1086 458 1126 ditus.
520 1087 586 1127 Ad
622 1101 752 1140 quam
786 1088 962 1141 quidem
999 1087 1261 1127 solucionem
1302 1088 1587 1141 quadraginta
1629 1087 1861 1127 solidorum

326 1152 528 1205 quociens
563 1165 641 1191 nos
682 1152 822 1192 dictus
864 1153 984 1192 Prior
1017 1156 1061 1192 et
1092 1156 1329 1192 conventus
1361 1156 1405 1191 et
1437 1165 1693 1192 successores
1725 1153 1861 1192 nostri

326 1215 622 1266 defecerimus,
645 1219 721 1256 aut
741 1216 895 1270 aliquis
918 1220 1113 1256 nostrum
1136 1216 1342 1256 defecerit
1364 1217 1409 1255 in
1432 1216 1646 1256 solucione
1668 1216 1861 1269 praedicti

325 1280 457 1319 annui
480 1280 673 1320 redditus
694 1281 842 1320 decem
871 1294 1108 1321 marcarum
1142 1280 1209 1320 vel
1241 1280 1422 1334 alicujus
1453 1280 1644 1333 parcellae
1667 1280 1860 1333 ejusdem

324 1344 378 1383 ad
410 1344 583 1397 aliquod
609 1344 768 1384 festum
808 1344 1035 1384 solucionis
1071 1345 1172 1384 inde
1210 1345 1586 1398 praenominatum,
1620 1343 1860 1398 obligamus

324 1421 401 1448 nos
425 1411 469 1448 et
501 1421 762 1447 successores
793 1413 959 1447 nostros
992 1409 1035 1447 in
1067 1409 1282 1461 praedictis
1313 1409 1597 1462 quadraginta
1620 1408 1764 1448 solidis
1786 1421 1860 1461 per

327 1473 533 1525 scriptum
564 1476 760 1512 nostrum
791 1472 997 1512 antedict.
1021 1473 1208 1525 capitulo
1241 1476 1285 1512 et
1318 1472 1628 1512 successoribus
1660 1473 1746 1512 suis
1779 1472 1860 1512 sol-

326 1535 489 1576 vendis.

92 1613 181 1651 They
197 1621 249 1642 are
414 1601 471 1640 Et
492 1615 589 1640 cum
612 1601 789 1654 insuper
811 1601 1146 1641 concesserimus
1177 1614 1254 1640 nos
1286 1600 1407 1640 Prior
1439 1604 1483 1640 et
1514 1604 1751 1640 conventus
1783 1614 1859 1654 per

92 1653 244 1730 Ξὲζᾚὲο
325 1666 532 1718 scriptum
554 1669 749 1705 nostrum
772 1665 1042 1705 antedictum
1064 1679 1139 1719 pro
1160 1665 1282 1705 nobis
1304 1668 1350 1705 et
1371 1665 1681 1705 successoribus
1703 1666 1858 1704 nostris

92 1731 200 1767 above,
324 1729 499 1782 praefato
520 1730 709 1783 capitulo
742 1729 929 1769 ecclesiae
961 1729 1198 1783 collegiatae
1220 1732 1265 1769 et
1287 1729 1599 1769 successoribus
1622 1729 1723 1779 suis,
1745 1730 1857 1782 quod

325 1794 358 1832 si
381 1806 457 1833 nos
479 1796 555 1832 aut
578 1807 841 1833 successores
870 1794 1004 1833 nostri
1036 1793 1377 1847 allegaverimus,
1401 1806 1476 1832 seu
1501 1793 1654 1846 aliquis
1683 1793 1857 1832 nomine

323 1860 468 1897 nostro
499 1857 751 1911 allegaverit
781 1857 945 1910 aliquid
969 1858 1189 1911 scriptum,
1211 1856 1388 1907 factum,
1420 1857 1488 1896 vel
1519 1857 1857 1910 acquietanciam

325 1921 552 1961 solucionis
589 1921 693 1961 dicti
723 1922 857 1961 annui
889 1922 1082 1961 redditus
1113 1922 1261 1961 decem
1295 1934 1534 1960 marcarum
1568 1924 1643 1960 aut
1677 1919 1857 1974 alicujus

323 1985 517 2037 parcellae
555 1985 748 2038 ejusdem
779 1986 823 2024 in
857 1986 1204 2025 exoneracionem
1236 1985 1464 2024 solucionis
1495 1984 1689 2037 praedicti
1723 1985 1857 2024 annui

323 2049 515 2088 redditus
546 2049 693 2089 decem
724 2063 964 2089 marcarum
998 2063 1071 2089 seu
1102 2049 1315 2089 dictorum
1344 2048 1386 2087 xl
1417 2048 1660 2098 solidorum,
1682 2049 1857 2088 nomine

324 2126 459 2165 poenae
490 2127 565 2166 pro
586 2113 757 2153 defectu
782 2113 1007 2152 solucionis
1038 2113 1143 2153 dicti
1176 2114 1308 2152 annui
1340 2112 1533 2152 redditus
1566 2112 1714 2152 decem
1746 2126 1858 2151 mar-

323 2190 482 2227 carum,
497 2177 563 2216 vel
585 2176 766 2230 alicujus
788 2177 981 2230 parcellae
1003 2176 1195 2230 ejusdem
1212 2189 1434 2226 concessae,
1450 2176 1531 2215 nisi
1554 2176 1856 2216 tantummodo

93 2255 195 2282 unless
211 2254 287 2292 ‹iuly
322 2242 659 2294 acquietanciam
681 2245 757 2281 aut
777 2241 1088 2282 relaxacionem
1103 2241 1207 2281 dicti
1225 2241 1404 2294 capituli
1420 2240 1606 2279 ecclesiae
1621 2240 1855 2294 collegiatae

91 2293 226 2362 ξΐεζῖξᾱ
323 2309 565 2358 portantem
600 2306 743 2346 datam
777 2307 819 2345 in
854 2306 979 2346 domo
1010 2305 1234 2359 capitulari
1266 2304 1453 2345 ecclesiae
1484 2304 1719 2357 collegiatae
1750 2318 1855 2358 prae-

89 2364 227 2416 C'impter
241 2373 275 2401 os
322 2370 448 2409 dictae
484 2373 528 2409 et
563 2369 787 2409 liberatam
830 2370 873 2409 in
917 2370 1065 2409 eadem
1100 2369 1225 2408 domo
1258 2368 1497 2422 capitulari,
1538 2368 1625 2408 sive
1666 2368 1853 2422 aliquam

92 2409 202 2448 ἣρω
324 2432 583 2472 solucionem
620 2434 720 2472 inde
757 2433 845 2472 fore
880 2433 1082 2484 fiendam,
1104 2433 1188 2472 nisi
1219 2432 1523 2472 tantummodo
1551 2432 1604 2471 ad
1636 2445 1854 2472 summum

321 2495 454 2536 altare
477 2495 668 2549 ejusdem
692 2496 878 2536 ecclesiae
910 2496 1146 2551 collegiatae
1168 2496 1220 2536 de
1243 2495 1410 2549 Ripon’‚
1433 2495 1546 2548 quod
1568 2498 1725 2535 extunc
1747 2496 1854 2535 obli-

321 2561 516 2615 gavimus
558 2573 633 2599 nos
676 2563 717 2599 et
762 2574 1024 2601 successores
1065 2563 1230 2600 nostros
1265 2560 1424 2600 solvere
1461 2558 1634 2612 praefato
1666 2559 1853 2612 capitulo

91 2635 168 2665 Five
181 2636 287 2665 man-ks
322 2624 509 2664 ccclesiae
540 2623 776 2677 collegiatae
800 2628 843 2664 et
866 2624 1174 2664 successoribus
1199 2624 1285 2663 suis
1307 2624 1497 2677 quinque
1520 2635 1681 2662 marcas
1703 2622 1852 2676 legalis

89 2675 266 2743 Ξξὲἒέξξζξ
321 2691 504 2727 monetae
555 2688 721 2741 Angliae
773 2702 847 2742 pro
888 2688 1081 2742 quolibet
1120 2687 1230 2728 festo
1272 2687 1497 2728 solucionis
1537 2699 1611 2740 pro
1651 2699 1734 2740 quo
1775 2700 1851 2726 nos

89 2756 248 2791 payment.
320 2751 503 2804 allegare
525 2753 767 2805 contegerit
787 2752 977 2805 aliquam
999 2752 1351 2805 acquietanciam‚
1369 2751 1435 2791 vel
1457 2749 1619 2804 aliquid
1644 2750 1850 2803 scriptum

321 2813 423 2854 alibi
455 2818 628 2867 portans
659 2815 746 2856 dat.
781 2829 855 2855 seu
897 2815 999 2855 alibi
1041 2815 1272 2855 liberatum
1314 2828 1443 2868 quam
1486 2815 1529 2853 in
1572 2814 1686 2854 dicta
1724 2813 1850 2854 domo

321 2877 545 2930 capitulari
577 2878 764 2919 ecclesiae
796 2879 1030 2933 collegiatae
1064 2879 1329 2932 supradictae,
1363 2880 1449 2918 sive
1481 2877 1642 2931 aliquid
1665 2877 1782 2918 aliud
1802 2879 1848 2919 in
