1935 3151
58 158 151 202 246
776 175 1050 209 nmiomALs
1085 176 1143 209 or
1179 176 1337 209 RIPON.

290 286 589 338 exequendum
608 303 617 328 ι
663 288 923 328 Habendum
967 288 1128 328 dictam
1169 288 1505 338 advocationem,
1536 288 1823 339 donationem,

290 347 469 389 liberam
503 351 828 404 dispositionem
857 355 903 391 et
933 351 1006 405 jus
1039 354 1305 404 patronatus,
1343 355 1387 391 et
1422 355 1575 391 caetera
1606 353 1825 405 praemissa

293 412 433 452 eidem
457 414 771 468 archiepiscopo
793 429 868 468 per
896 419 1128 468 praesentes
1159 416 1474 468 praeconcessa¹
1499 416 1640 456 eidem
1662 415 1825 456 archie-

292 477 463 530 piscopo
486 483 530 518 et
552 480 863 519 successoribus
887 480 974 519 suis
996 481 1040 519 in
1062 484 1341 533 perpetuum,
1358 480 1613 520 Tenendum
1635 481 1688 520 de
1701 480 1823 520 nobis

296 545 341 579 et
362 539 605 583 haeredibus
627 544 785 583 nostris
807 545 852 582 in
874 558 980 596 pura
1003 548 1048 583 et
1069 547 1278 597 perpetua
1300 544 1597 597 Eleemosyna.

59 613 105 642 Το
119 613 157 642 be
173 611 249 641 visi·
383 607 394 627 ‘
414 607 469 646 Et
502 608 644 647 sciatis
675 607 874 657 ulterius,
905 608 1019 661 quod
1050 622 1127 647 nos
1159 609 1211 648 de
1234 609 1412 648 meliore
1442 609 1758 662 gubernatione
1780 612 1825 648 et

60 652 239 729 ἒῗᾙῖροὲζίἓξὲ
293 671 501 723 regimine
524 671 718 725 ejusdem
740 672 928 712 ecclesiae
950 672 1186 727 collegiatae
1208 673 1261 713 de
1284 673 1440 726 Ripon,
1454 673 1507 713 de
1521 674 1661 727 gratia
1680 677 1826 714 nostra

60 731 197 762 Clau-eh.
295 735 468 787 speciali
488 749 536 775 ac
558 750 610 775 ex
631 739 748 775 certa
770 736 951 775 scientia
976 740 1021 776 et·
1052 750 1169 776 mero
1200 740 1323 777 motu
1354 737 1527 786 nostris,
1560 736 1760 775 volumus
1781 739 1826 775 et

294 799 566 839 concedimus
600 800 713 852 quod
746 800 862 840 idem
893 798 1236 854 archiepiscopus
1267 801 1458 840 Eboruin
1490 804 1535 840 et
1567 814 1827 840 successores

297 863 361 902 sui
383 877 458 916 pro
490 867 683 917 tempore
715 865 983 915 existentes,2
1004 865 1246 904 visitatores
1272 864 1473 904 Ecclesiae
1506 864 1752 919 Collegiatae
1777 864 1830 904 de

297 926 436 980 Ripon
459 928 662 980 praedicta
685 929 957 977 exstiterint3
990 929 1215 982 eidemque
1237 927 1565 982 Archiepiscopo
1598 932 1642 969 et
1665 942 1830 968 succes-

299 992 462 1032 soribus
496 993 583 1032 suis
614 992 852 1043 licentiam,
874 997 1136 1046 potestatem
1163 997 1207 1033 et
1237 992 1547 1033 authoritatem
1579 994 1731 1034 damus
1752 1006 1828 1046 per

298 1059 545 1109 praesentes,
568 1057 735 1110 quoties
758 1060 802 1096 et
823 1057 1164 1110 quandocunque
1186 1058 1391 1111 praedicto
1422 1056 1739 1110 archiepiscopo
1761 1056 1831 1096 vel

297 1120 609 1160 successoribus
629 1122 717 1161 suis
739 1121 924 1161 viderit³
941 1123 1244 1172 necessarium,
1267 1122 1455 1172 visitare,
1476 1121 1719 1171 reformare,
1741 1134 1831 1160 cor-

297 1185 452 1237 rigere,
486 1189 530 1224 et
562 1185 789 1225 emendare
832 1198 980 1225 omnes
1023 1189 1067 1225 et
1108 1186 1375 1225 omnimodos
1412 1199 1585 1235 errores,
1619 1198 1831 1235 exceSSUS,

298 1248 471 1299 abusus,
508 1249 677 1299 delicta,
714 1249 1004 1303 negligentias
1038 1253 1081 1289 et
1112 1252 1387 1303 contemptus
1421 1263 1568 1289 eorum
1596 1249 1750 1295 ¹decani
1787 1251 1832 1288 et

299 1313 477 1365 capituli
502 1311 588 1368 [et]
607 1313 621 1335 ⁴¹
644 1313 826 1353 aliorum
858 1314 903 1352 in
932 1314 1081 1354 eadem
1105 1314 1282 1353 ecclesia
1305 1314 1600 1365 existentium,
1623 1316 1667 1353 et
1688 1313 1832 1352 omnia

299 1376 383 1415 alia
409 1390 535 1430 agere
564 1380 609 1416 et
631 1378 783 1429 exequi
806 1378 850 1416 in
885 1381 929 1417 et
960 1378 1070 1417 circa
1101 1377 1324 1417 ecclesiam
1349 1376 1633 1431 Collegiatam
1653 1377 1830 1430 praedic-

300 1443 404 1490 tam,
419 1454 514 1493 quae
534 1439 817 1496 [visitatores]
833 1442 847 1463 ⁵
865 1441 1048 1495 alicujus
1066 1441 1244 1495 Collegii
1261 1442 1306 1480 in
1323 1442 1539 1481 academia
1562 1441 1735 1482 Oxoniae
1756 1443 1833 1480 aut

302 1504 586 1559 Cantabrigiae
617 1519 741 1559 agere
774 1508 850 1545 aut
882 1506 1036 1558 exequi
1067 1505 1251 1556 valeant,
1283 1508 1359 1545 aut
1380 1505 1433 1545 de
1464 1504 1563 1558 jure
1586 1505 1799 1556 debeant,’
1817 1504 1832 1528 ⁶

304 1571 385 1608 etc.

391 1632 607 1687 Enjoying
629 1637 706 1673 not
727 1634 827 1688 only
848 1633 945 1674 that
966 1635 1047 1674 but
1068 1634 1125 1674 all
1148 1632 1271 1674 other
1285 1635 1341 1674 its
1358 1635 1528 1674 antient
1541 1635 1833 1674 endowments

301 1697 385 1735 and
396 1697 651 1751 immunitys
663 1698 791 1737 untill
802 1704 848 1751 ye
862 1699 985 1752 reign
1004 1698 1050 1738 of
1062 1698 1115 1738 K.
1127 1698 1304 1738 Edward
1313 1704 1357 1752 γε’
1373 1699 1412 1748 6,
1423 1699 1468 1737 in
1477 1698 1616 1738 whose
1627 1699 1800 1738 minorit
1805 1712 1833 1751 y

300 1774 381 1799 was
414 1761 456 1813 yt
499 1761 577 1801 law
612 1763 792 1802 enacted
830 1763 875 1801 in
913 1762 1179 1802 Parliament
1212 1763 1472 1816 concerning
1512 1761 1715 1815 chantrys
1751 1762 1834 1801 and

302 1824 530 1879 colledges,
563 1825 619 1878 by
660 1825 773 1865 force
805 1825 995 1866 whereof
1031 1825 1119 1866 this
1156 1825 1317 1865 church
1350 1824 1476 1880 (with
1510 1827 1671 1866 several
1712 1824 1834 1865 other

303 1888 534 1943 Collegiate
574 1888 790 1930 Churches
827 1889 964 1930 which
1001 1894 1048 1930 at
1080 1889 1177 1930 that
1210 1891 1316 1930 time
1348 1890 1571 1943 depended
1609 1904 1723 1944 upon
1759 1888 1833 1929 the

303 1951 647 2007 Archiepiscopal
672 1968 742 1993 sea
760 1952 866 2009 (sic)
881 1954 927 1994 of
945 1953 1084 2010 York)
1107 1968 1190 1995 was
1211 1955 1436 2004 dissolved,
1451 1953 1488 1994 ὣ
1510 1956 1554 1993 in
1575 1955 1617 2008 yt
1638 1955 1711 1994 sad
1733 1968 1834 1994 con-

303 2017 440 2056 dition
475 2017 545 2071 lay
577 2017 773 2072 gaping,⁷
796 2019 925 2058 untill
952 2017 1143 2072 through
1174 2017 1248 2059 the
1280 2020 1402 2072 pious
1434 2019 1776 2058 commiseration
1799 2017 1836 2057 &

304 2081 494 2134 princely
512 2082 659 2121 favour
676 2082 722 2122 of
748 2082 868 2137 King
885 2083 1031 2123 James
1054 2083 1100 2122 of
1120 2082 1308 2136 glorious
1333 2096 1538 2136 inemory,
1561 2083 1598 2122 it
1617 2086 1693 2136 got
1718 2095 1833 2122 some

304 2145 575 2197 respiration,
599 2144 702 2185 such
724 2159 768 2185 as
791 2145 893 2186 with
916 2146 973 2185 all
997 2147 1082 2186 (lue
1114 2146 1416 2185 thankfulness
1438 2146 1473 2185 it
1494 2160 1587 2185 now
1608 2145 1731 2185 holds
1753 2145 1835 2184 and

303 2207 639 2263 acknowledgeS,
671 2210 804 2250 albeit
837 2209 965 2250 much
1000 2209 1118 2250 short
1149 2209 1196 2250 of
1224 2209 1345 2249 those
1378 2211 1598 2263 primitive
1630 2208 1768 2263 rights
1800 2209 1836 2248 it

307 2272 509 2326 formerly
532 2273 727 2327 enjoyed.

475 2380 530 2422 (1)
559 2379 828 2423 Praeconcessis,
847 2380 923 2415 MS.
1293 2381 1349 2425 (2)
1377 2380 1575 2423 Existente,
1593 2379 1670 2414 MS.

474 2427 531 2469 (23)
561 2426 608 2460 So
627 2427 660 2460 in
680 2427 756 2461 MS.
777 2428 831 2461 for
849 2430 857 2446 ‘
870 2428 1034 2462 videtur!

477 2479 533 2523 (4)
562 2478 636 2512 Not
653 2479 687 2512 in
708 2479 784 2514 MS.
1294 2481 1350 2524 (5)
1378 2479 1451 2513 Not
1469 2479 1503 2513 in
1523 2479 1600 2513 MS.

471 2533 528 2575 ((ἱ)
557 2530 631 2564 The
650 2531 781 2565 Editor
800 2531 862 2565 has
882 2537 945 2566 not
961 2532 1048 2567 been
1068 2532 1145 2567 able.
1165 2539 1201 2566 to
1221 2533 1293 2566 find
1311 2532 1371 2566 the
1390 2532 1540 2577 om'gsinal
1556 2532 1631 2566 MS.

474 2583 529 2626 (7)
560 2582 606 2617 So
626 2582 661 2616 in
680 2583 769 2627 MS,
789 2596 846 2629 qu.
867 2585 921 2618 sor
935 2586 1110 2630 yaspiny?
