1935 3151
558 139 784 171 ORIGINAL
823 138 975 171 1)O(·UM
988 138 1109 170 ENTS.

68 252 237 301 factam,
270 265 343 291 seu
384 251 554 304 aliquod
590 253 796 305 scriptum
830 250 895 290 vel
928 250 1264 304 acquietum-iam
1296 248 1396 288 alibi
1431 251 1602 301 portans

68 316 213 356 datam
247 329 374 368 quam
410 316 453 354 iu
489 316 603 355 dicta
639 316 764 354 domo
797 315 1020 368 capitulari
1056 314 1242 353 ecclesiae
1279 312 1516 366 collegiutae
1551 312 1602 350 de

71 380 224 433 Ripon’
245 380 451 433 praedict.,
474 379 540 419 vel
561 380 724 432 aliquid
746 379 864 419 aliud
887 392 961 432 pcr
984 392 1059 417 nos
1083 383 1127 417 et
1151 390 1411 417 successores
1438 380 1604 415 nostros

69 444 304 499 allegatum
339 444 402 483 vel
435 443 710 498 allegandum
744 447 864 483 extra
896 443 1075 483 eandem
1108 443 1283 482 domum
1325 440 1608 494 capitularem

71 508 234 548 factum
254 507 375 563 (seza)
398 507 641 549 faciendum
664 509 707 548 in
732 508 1080 548 exoneracionem
1113 507 1217 547 dicti
1250 506 1383 546 annui
1415 505 1609 544 redditus

71 573 219 612 decem
251 586 486 612 marcarum
520 572 586 612 vel
618 572 801 625 alicujus
835 572 1029 625 parcellae
1061 571 1274 625 ejusdem,
1306 573 1382 610 aut,
1425 567 1609 622 alicujus

71 636 265 690 parcellae
302 650 522 689 poenarum
564 636 879 689 praedictarum,
911 636 1023 689 quod
1066 636 1139 675 illa
1172 634 1392 688 obfigacio,
1437 633 1610 682 solucio,

73 701 295 753 scriptum,
319 701 384 740 vel
406 701 712 754 acquietancia,
735 704 811 740 aut*
833 701 1036 754 quicquid
1058 700 1175 740 aliud
1197 699 1473 754 allegandum
1492 702 1611 737 extra

72 765 252 804 eandem
274 765 449 804 domum
471 765 748 818 capitularem
770 764 932 805 factum
959 779 1033 805 seu
1054 765 1301 804 faciendum
1332 764 1377 802 in
1409 775 1610 802 exonera-

71 829 239 869 cionem
280 830 384 869 dicti
416 830 551 868 annui
592 829 785 869 redditus
827 833 903 869 aut
937 829 1118 883 alicujus
1159 829 1260 868 iude
1301 826 1493 881 parcellae
1536 839 1611 865 seu

71 892 251 946 alicujus
285 893 476 946 parcellae
517 907 754 946 poenarum,
796 907 927 934 vacua
969 895 1072 944 sint,
1113 897 1159 933 etr
1200 906 1347 932 eorum
1389 891 1612 944 quodlibet

73 970 255 996 vacuum
277 958 333 996 sitv
355 961 397 996 et
420 957 584 996 nullius
608 958 781 1011 vigoris,
845 958 897 997 Et
933 958 967 998 si
1000 958 1224 1011 contingat
1255 956 1369 1010 quod
1400 970 1476 995 nos
1506 955 1611 995 dicti

73 1021 195 1061 Prior
235 1025 279 1060 et
311 1019 557 1061 Conventus
600 1035 675 1061 seu
712 1035 975 1062 successores
1018 1023 1154 1062 nostri
1196 1021 1492 1066 defecerimus,
1535 1023 1611 1058 aut

73 1085 227 1138 aliquis
258 1090 454 1125 nostrum
486 1085 691 1125 defecerit,
713 1087 758 1125 in
793 1086 1010 1127 solucione
1041 1086 1235 1140 praedicti
1259 1085 1392 1125 annui
1416 1084 1611 1123 redditus

74 1150 223 1190 decem
255 1164 506 1200 marcarum,
529 1150 595 1190 vel
626 1149 808 1203 alicujus
840 1151 1036 1204 parcellae
1069 1150 1264 1204 ejusdem
1290 1150 1342 1189 ad
1365 1149 1475 1188 festa,
1507 1162 1614 1201 prce-

73 1214 188 1254 dieta
201 1228 277 1267 per
289 1215 480 1267 quinque
497 1215 757 1268 septimanas
771 1218 866 1268 post
881 1215 1044 1268 aliquid
1059 1215 1223 1254 festum
1239 1214 1613 1268 praenominatum,

74 1292 150 1318 seu
171 1279 217 1318 in
240 1278 455 1318 solucione
477 1279 690 1318 dictorum
712 1279 997 1333 quadraginta
1026 1279 1257 1319 solidorum
1280 1278 1454 1317 nomine
1478 1291 1614 1330 poenae.

73 1356 387 1393 concessorum,
425 1357 499 1382 seu
541 1344 584 1382 in
629 1343 845 1383 solucione
887 1344 1099 1383 dictarum
1141 1344 1334 1396 quinque
1376 1355 1613 1380 marcarum

73 1407 239 1447 racione
261 1407 533 1461 allegacionis
556 1407 769 1460 praedictae
791 1408 836 1446 in
858 1407 994 1447 forma
1025 1407 1228 1460 praedicta
1261 1420 1487 1456 concessae‚
1509 1409 1614 1445 tunc

72 1471 180 1511 bene
203 1471 331 1510 liceat
352 1470 528 1524 praefato
551 1471 773 1525 capellano
787 1472 990 1511 cantariae
1005 1472 1220 1525 praedictae
1235 1474 1280 1510 et
1298 1470 1612 1510 successoribus

75 1536 162 1575 suis
183 1549 232 1575 ac
254 1548 401 1575 eorum
423 1536 651 1575 attornatis
673 1536 740 1576 vel
771 1537 1005 1590 assignatis
1027 1537 1073 1575 in
1095 1535 1351 1589 praedictum
1374 1535 1615 1574 manerium

75 1603 271 1639 nostrum
292 1599 345 1639 de
368 1600 584 1639 Ledeston
602 1601 647 1640 in
661 1601 869 1640 comitatu
883 1600 1009 1640 Ebor.
1027 1614 1126 1639 cum
1144 1599 1423 1653 pertinenciis
1441 1598 1614 1647 intrare,

74 1677 121 1703 ac
138 1664 183 1703 in
201 1663 351 1703 eodem
366 1664 642 1718 distringere,
661 1667 705 1704 et
721 1664 1015 1703 districciones
1032 1664 1091 1703 sic
1108 1667 1251 1717 captas
1267 1663 1491 1711 abducere,
1505 1661 1615 1701 effu-

75 1741 189 1780 gare,
212 1731 257 1768 et
278 1731 507 1781 asportare,
530 1742 577 1768 ac
599 1742 732 1782 penes
752 1742 794 1768 se
813 1729 1017 1779 retinere,
1032 1741 1255 1781 quousque
1273 1727 1325 1766 de
1342 1724 1612 1782 ar(er)ragiis

76 1792 268 1845 praedicti
291 1793 423 1832 annui
445 1793 640 1832 redditus
664 1793 814 1833 decem
836 1806 1089 1843 marcarum,
1115 1797 1159 1831 et
1191 1792 1243 1832 de
1275 1791 1401 1831 dictis
1435 1791 1615 1829 summis

76 1855 118 1895 xl
141 1856 388 1906 solidorum,
410 1870 577 1896 necnon
599 1858 790 1911 quinque
812 1870 1051 1896 marcarum
1073 1856 1247 1896 nomine
1265 1868 1400 1909 poenae
1418 1855 1463 1893 in
1480 1854 1615 1893 forma

75 1920 277 1973 praedicta
310 1921 539 1974 separatim
570 1935 882 1971 concessarum,
905 1921 1093 1974 plenarie
1115 1920 1247 1960 fuerit
1271 1918 1536 1958 satisfactum
1571 1923 1611 1958 et

75 1985 343 2038 persolutum
378 1986 430 2025 ad
463 1985 598 2026 altare
631 1987 899 2039 praedictum,
933 1986 1024 2025 sine
1056 1985 1218 2025 clameo
1250 1984 1317 2024 vel
1350 1984 1613 2036 inpeticione

75 2052 317 2089 nostrorum
349 2049 539 2102 praedict.
572 2050 733 2091 Prioris
756 2055 801 2090 et
824 2050 1072 2091 Conventus
1101 2063 1175 2089 seu
1203 2062 1493 2089 successorum
1516 2062 1614 2087 nos-

76 2116 243 2153 trorum
266 2115 588 2167 imperpetuum

164 2177 252 2217 Nos
286 2178 421 2218 eciam
452 2179 573 2219 Prior
605 2183 648 2220 et
681 2179 942 2229 Conventus,
975 2180 1019 2218 in
1051 2179 1221 2232 plenius
1253 2177 1381 2217 robur
1413 2181 1452 2216 et
1478 2176 1613 2216 firmi-

76 2244 212 2281 tatem
252 2243 571 2295 praemissorum
613 2257 687 2297 per
720 2257 797 2283 nos
833 2257 1131 2283 concessorum
1170 2241 1422 2295 subjicimus
1456 2255 1532 2280 nos
1569 2245 1613 2280 et

78 2318 336 2346 successores
357 2310 522 2347 nostros
545 2321 590 2347 ac
612 2308 922 2348 monasterium
943 2310 1137 2347 nostrum
1160 2306 1428 2360 praedictum,
1446 2318 1611 2344 necnon

77 2370 221 2410 omnia
236 2370 345 2410 bona
363 2375 404 2410 et
428 2372 595 2422 catalla,
613 2371 853 2413 cohercioni
871 2371 1217 2411 reverendissimi
1234 2371 1279 2410 in
1295 2368 1462 2410 Christo
1479 2370 1611 2422 patris

76 2432 393 2487 Archiepiscopi
416 2436 540 2476 Ebor.
559 2437 633 2489 qui
656 2450 730 2489 pro
753 2439 947 2489 tempore
969 2435 1115 2484 fuerit,
1139 2438 1182 2474 et
1198 2434 1290 2488 ejus
1314 2434 1456 2473 vicarii
1479 2447 1611 2487 gene-

77 2497 175 2537 ralis
202 2498 299 2538 sede
325 2498 465 2551 plena,
489 2504 533 2539 et
554 2501 646 2553 ipsa
667 2500 766 2539 sede
798 2498 1147 2552 archiepiscopali
1170 2502 1360 2547 vacante,
1383 2497 1541 2536 Decani
1566 2502 1606 2537 et

76 2561 251 2613 capituli
277 2562 465 2602 ecclesiae
486 2562 741 2603 cathedralis
763 2564 890 2603 Ebor.
913 2563 1141 2616 praedictae,
1164 2562 1300 2615 quoad
1324 2562 1542 2614 praemissa
1565 2567 1606 2601 et

76 2624 300 2676 quodlibet
320 2627 650 2678 praemissorum.
702 2627 761 2667 Ac
784 2628 959 2680 insuper
982 2627 1193 2674 volumus,
1210 2625 1496 2674 concedimus,
1512 2639 1607 2678 pro-

76 2688 307 2739 mittimus,
331 2692 374 2729 et
395 2691 582 2743 exprisse
605 2689 710 2745 (sic)
732 2692 1039 2740 consentimus,
1057 2690 1170 2744 quod
1196 2690 1229 2729 si
1252 2703 1471 2741 umquam,
1495 2689 1607 2741 quod

75 2750 199 2798 absit,
221 2765 298 2791 nos
331 2757 406 2793 aut*
436 2754 624 2808 aliquem
655 2759 866 2805 nostrum,
889 2755 955 2794 vel
981 2768 1242 2794 successores
1274 2757 1439 2792 nostros
1461 2758 1607 2792 contra

76 2815 290 2866 praemissa
313 2830 389 2857 seu
409 2817 571 2871 aliquid
593 2820 906 2871 praemissorum
928 2819 1073 2858 venire
1087 2818 1319 2871 contigerit
1335 2817 1380 2855 in
1394 2815 1606 2867 futurum,

76 2881 148 2917 aut
187 2892 262 2918 nos
298 2880 364 2919 vel
395 2895 656 2922 successores
687 2883 824 2922 nostri
854 2883 995 2922 omnia
1029 2886 1069 2921 et
1105 2880 1273 2935 singula
1306 2881 1524 2933 preemissa
1557 2894 1608 2920 ex

811 2963 874 2991 >12

1739 123 1831 170 179

1647 2184 1712 2213 The
1730 2185 1819 2214 Prior

1647 2224 1708 2252 and
1724 2223 1806 2253 Con-

1647 2268 1721 2292 vent
1736 2265 1769 2292 of

1648 2301 1829 2333 Pontefract

1648 2342 1769 2379 subject

1647 2381 1834 2411 themselvea

1646 2423 1678 2448 to
1693 2421 1745 2450 the
1761 2431 1842 2450 coer-

1645 2459 1713 2487 cion
1729 2461 1764 2488 of
1783 2461 1834 2489 the

1648 2498 1748 2528 Arch-

1645 2537 1755 2576 l›i›hop
1770 2541 1804 2568 os

1644 2576 1727 2605 York
1745 2578 1777 2606 in

1643 2615 1839 2652 thismatter.

1641 2664 1675 2683 or
1691 2659 1722 2684 to
1736 2656 1808 2686 that

1640 2694 1675 2722 of
1686 2695 1739 2724 the
1751 2695 1837 2726 Dean

1642 2734 1703 2762 and
1721 2735 1822 2774 Chap-

1642 2776 1688 2801 ter
1703 2774 1736 2803 of
1754 2774 1837 2805 York

1641 2813 1708 2841 sede
1720 2823 1771 2842 va-

1641 2857 1737 2882 cante.
