<?xml version="1.0" encoding="UTF-8"?>
<!DOCTYPE html PUBLIC "-//W3C//DTD XHTML 1.0 Transitional//EN"
    "http://www.w3.org/TR/xhtml1/DTD/xhtml1-transitional.dtd">
<html xmlns="http://www.w3.org/1999/xhtml" xml:lang="en" lang="en">
 <head>
  <title>
</title>
<meta http-equiv="Content-Type" content="text/html;charset=utf-8" />
  <meta name='ocr-system' content='tesseract 3.04.00' />
  <meta name='ocr-capabilities' content='ocr_page ocr_carea ocr_par ocr_line ocrx_word'/>
</head>
<body>
  <div class='ocr_page' id='page_1' title='image "./memorialsofchurc01fowl/memorialsofchurc01fowl_0236.png"; bbox 0 0 1935 3151; ppageno 0'>
   <div class='ocr_carea' id='block_1_1' title="bbox 55 156 149 201">
    <p class='ocr_par' dir='ltr' id='par_1_1' title="bbox 55 156 149 201">
     <span class='ocr_line' id='line_1_1' title="bbox 55 156 149 201; baseline -0.011 0"><span class='ocrx_word' id='word_1_1' title='bbox 55 156 149 201; x_wconf 82' lang='lat'>212</span> 
     </span>
    </p>
   </div>
   <div class='ocr_carea' id='block_1_2' title="bbox 54 286 244 403">
    <p class='ocr_par' dir='ltr' id='par_1_2' title="bbox 54 286 244 403">
     <span class='ocr_line' id='line_1_2' title="bbox 54 286 244 315; baseline 0 -1"><span class='ocrx_word' id='word_1_2' title='bbox 54 288 173 315; x_wconf 79' lang='lat' dir='ltr'>master</span> <span class='ocrx_word' id='word_1_3' title='bbox 187 286 244 314; x_wconf 84' lang='lat' dir='ltr'>has</span> 
     </span>
     <span class='ocr_line' id='line_1_3' title="bbox 55 326 191 354; baseline 0 0"><span class='ocrx_word' id='word_1_4' title='bbox 55 326 119 354; x_wconf 83' lang='lat' dir='ltr'>had</span> <span class='ocrx_word' id='word_1_5' title='bbox 133 334 191 354; x_wconf 87' lang='lat' dir='ltr'>one</span> 
     </span>
     <span class='ocr_line' id='line_1_4' title="bbox 54 365 139 403; baseline 0.012 -10"><span class='ocrx_word' id='word_1_6' title='bbox 54 365 139 403; x_wconf 85' lang='lat' dir='ltr'><strong>only.</strong></span> 
     </span>
    </p>
   </div>
   <div class='ocr_carea' id='block_1_3' title="bbox 54 419 255 496">
    <p class='ocr_par' dir='ltr' id='par_1_3' title="bbox 54 419 255 496">
     <span class='ocr_line' id='line_1_5' title="bbox 54 419 255 457; baseline 0 -9"><span class='ocrx_word' id='word_1_7' title='bbox 54 419 255 457; x_wconf 79' lang='lat' dir='ltr'>Hospitality</span> 
     </span>
     <span class='ocr_line' id='line_1_6' title="bbox 54 459 230 496; baseline 0.006 -9"><span class='ocrx_word' id='word_1_8' title='bbox 54 459 230 496; x_wconf 79' lang='lat' dir='ltr'>neglected.</span> 
     </span>
    </p>
   </div>
   <div class='ocr_carea' id='block_1_4' title="bbox 53 673 253 790">
    <p class='ocr_par' dir='ltr' id='par_1_4' title="bbox 53 673 253 790">
     <span class='ocr_line' id='line_1_7' title="bbox 56 673 253 703; baseline 0 -1"><span class='ocrx_word' id='word_1_9' title='bbox 56 673 150 703; x_wconf 86' lang='lat' dir='ltr'>Alms</span> <span class='ocrx_word' id='word_1_10' title='bbox 159 674 253 703; x_wconf 80' lang='lat' dir='ltr'>with-</span> 
     </span>
     <span class='ocr_line' id='line_1_8' title="bbox 53 713 222 742; baseline 0.006 -1"><span class='ocrx_word' id='word_1_11' title='bbox 53 713 126 741; x_wconf 81' lang='lat' dir='ltr'>held</span> <span class='ocrx_word' id='word_1_12' title='bbox 142 714 222 742; x_wconf 85' lang='lat' dir='ltr'>from</span> 
     </span>
     <span class='ocr_line' id='line_1_9' title="bbox 54 752 204 790; baseline 0 -9"><span class='ocrx_word' id='word_1_13' title='bbox 54 752 107 781; x_wconf 87' lang='lat' dir='ltr'>the</span> <span class='ocrx_word' id='word_1_14' title='bbox 122 762 204 790; x_wconf 88' lang='lat' dir='ltr'>poor.</span> 
     </span>
    </p>
   </div>
   <div class='ocr_carea' id='block_1_5' title="bbox 52 1055 248 1163">
    <p class='ocr_par' dir='ltr' id='par_1_5' title="bbox 52 1055 248 1163">
     <span class='ocr_line' id='line_1_10' title="bbox 52 1055 248 1093; baseline 0 -9"><span class='ocrx_word' id='word_1_15' title='bbox 52 1055 80 1084; x_wconf 94' lang='lat' dir='ltr'>A</span> <span class='ocrx_word' id='word_1_16' title='bbox 89 1064 196 1084; x_wconf 83' lang='lat' dir='ltr'>saucer</span> <span class='ocrx_word' id='word_1_17' title='bbox 204 1056 232 1092; x_wconf 86' lang='lat'>(?</span> <span class='ocrx_word' id='word_1_18' title='bbox 238 1065 248 1093; x_wconf 92' lang='lat'>)</span> 
     </span>
     <span class='ocr_line' id='line_1_11' title="bbox 52 1095 200 1124; baseline 0.007 -1"><span class='ocrx_word' id='word_1_19' title='bbox 52 1095 86 1123; x_wconf 90' lang='lat' dir='ltr'>of</span> <span class='ocrx_word' id='word_1_20' title='bbox 105 1095 200 1124; x_wconf 80' lang='lat' dir='ltr'>beans</span> 
     </span>
     <span class='ocr_line' id='line_1_12' title="bbox 53 1134 189 1163; baseline 0.007 -1"><span class='ocrx_word' id='word_1_21' title='bbox 53 1143 86 1163; x_wconf 91' lang='lat' dir='ltr'>or</span> <span class='ocrx_word' id='word_1_22' title='bbox 101 1134 189 1163; x_wconf 88' lang='lat' dir='ltr'>flour.</span> 
     </span>
    </p>
   </div>
   <div class='ocr_carea' id='block_1_6' title="bbox 50 1248 250 1357">
    <p class='ocr_par' dir='ltr' id='par_1_6' title="bbox 50 1248 250 1357">
     <span class='ocr_line' id='line_1_13' title="bbox 50 1248 250 1279; baseline 0.01 -2"><span class='ocrx_word' id='word_1_23' title='bbox 50 1248 116 1278; x_wconf 86' lang='lat' dir='ltr'>The</span> <span class='ocrx_word' id='word_1_24' title='bbox 135 1251 250 1279; x_wconf 87' lang='lat' dir='ltr'>master</span> 
     </span>
     <span class='ocr_line' id='line_1_14' title="bbox 51 1288 228 1318; baseline 0.006 -1"><span class='ocrx_word' id='word_1_25' title='bbox 51 1288 167 1317; x_wconf 65' lang='lat' dir='ltr'>geldam</span> <span class='ocrx_word' id='word_1_26' title='bbox 182 1298 228 1318; x_wconf 88' lang='lat' dir='ltr'>re-</span> 
     </span>
     <span class='ocr_line' id='line_1_15' title="bbox 50 1328 141 1357; baseline 0 0"><span class='ocrx_word' id='word_1_27' title='bbox 50 1328 141 1357; x_wconf 85' lang='lat' dir='ltr'>sides.</span> 
     </span>
    </p>
   </div>
   <div class='ocr_carea' id='block_1_7' title="bbox 769 167 1332 200">
    <p class='ocr_par' dir='ltr' id='par_1_7' title="bbox 769 167 1332 200">
     <span class='ocr_line' id='line_1_16' title="bbox 769 167 1332 200; baseline 0.002 -1"><span class='ocrx_word' id='word_1_28' title='bbox 769 167 1045 200; x_wconf 78' lang='lat' dir='ltr'><strong>MEMORIALS</strong></span> <span class='ocrx_word' id='word_1_29' title='bbox 1080 167 1138 200; x_wconf 85' lang='lat' dir='ltr'>OF</span> <span class='ocrx_word' id='word_1_30' title='bbox 1174 167 1332 200; x_wconf 81' lang='lat' dir='ltr'><strong>RIPON.</strong></span> 
     </span>
    </p>
   </div>
   <div class='ocr_carea' id='block_1_8' title="bbox 283 277 1822 1543">
    <p class='ocr_par' dir='ltr' id='par_1_8' title="bbox 283 277 1822 1543">
     <span class='ocr_line' id='line_1_17' title="bbox 288 277 1821 332; baseline 0.001 -14"><span class='ocrx_word' id='word_1_31' title='bbox 288 279 376 318; x_wconf 87' lang='lat' dir='ltr'>lani</span> <span class='ocrx_word' id='word_1_32' title='bbox 394 293 470 332; x_wconf 90' lang='lat' dir='ltr'>per</span> <span class='ocrx_word' id='word_1_33' title='bbox 485 280 670 319; x_wconf 90' lang='lat' dir='ltr'>eundem</span> <span class='ocrx_word' id='word_1_34' title='bbox 683 277 967 319; x_wconf 67' lang='lat' dir='ltr'>Nicholaum.</span> <span class='ocrx_word' id='word_1_35' title='bbox 999 279 1129 330; x_wconf 91' lang='lat' dir='ltr'>Item,</span> <span class='ocrx_word' id='word_1_36' title='bbox 1147 279 1286 332; x_wconf 88' lang='lat' dir='ltr'>quoad</span> <span class='ocrx_word' id='word_1_37' title='bbox 1300 278 1633 331; x_wconf 87' lang='lat' dir='ltr'>Hospitalitates</span> <span class='ocrx_word' id='word_1_38' title='bbox 1654 279 1821 330; x_wconf 86' lang='lat' dir='ltr'>dicunt,</span> 
     </span>
     <span class='ocr_line' id='line_1_18' title="bbox 289 343 1820 398; baseline 0 -16"><span class='ocrx_word' id='word_1_39' title='bbox 289 344 403 396; x_wconf 90' lang='lat' dir='ltr'>quod</span> <span class='ocrx_word' id='word_1_40' title='bbox 435 345 470 383; x_wconf 88' lang='lat' dir='ltr'>si</span> <span class='ocrx_word' id='word_1_41' title='bbox 502 344 734 398; x_wconf 86' lang='lat' dir='ltr'>peregrini,</span> <span class='ocrx_word' id='word_1_42' title='bbox 766 343 834 383; x_wconf 92' lang='lat' dir='ltr'>vel</span> <span class='ocrx_word' id='word_1_43' title='bbox 866 343 1020 383; x_wconf 82' lang='lat' dir='ltr'>Clerici</span> <span class='ocrx_word' id='word_1_44' title='bbox 1050 343 1254 393; x_wconf 86' lang='lat' dir='ltr'>mendici,</span> <span class='ocrx_word' id='word_1_45' title='bbox 1278 356 1353 382; x_wconf 88' lang='lat' dir='ltr'>seu</span> <span class='ocrx_word' id='word_1_46' title='bbox 1384 343 1528 382; x_wconf 82' lang='lat' dir='ltr'>caeteri</span> <span class='ocrx_word' id='word_1_47' title='bbox 1558 343 1820 397; x_wconf 78' lang='lat' dir='ltr'>indigentes,</span> 
     </span>
     <span class='ocr_line' id='line_1_19' title="bbox 287 406 1821 461; baseline -0.001 -13"><span class='ocrx_word' id='word_1_48' title='bbox 287 422 364 461; x_wconf 89' lang='lat' dir='ltr'>per</span> <span class='ocrx_word' id='word_1_49' title='bbox 398 408 515 448; x_wconf 89' lang='lat' dir='ltr'>idem</span> <span class='ocrx_word' id='word_1_50' title='bbox 551 408 778 461; x_wconf 83' lang='lat' dir='ltr'>Hospitale</span> <span class='ocrx_word' id='word_1_51' title='bbox 812 406 923 446; x_wconf 89' lang='lat' dir='ltr'>forte</span> <span class='ocrx_word' id='word_1_52' title='bbox 955 407 1213 447; x_wconf 88' lang='lat' dir='ltr'>itinerarent</span> <span class='ocrx_word' id='word_1_53' title='bbox 1246 420 1322 447; x_wconf 90' lang='lat' dir='ltr'>seu</span> <span class='ocrx_word' id='word_1_54' title='bbox 1358 406 1455 460; x_wconf 87' lang='lat' dir='ltr'>vagi</span> <span class='ocrx_word' id='word_1_55' title='bbox 1490 407 1741 460; x_wconf 76' lang='lat' dir='ltr'>migrarent,</span> <span class='ocrx_word' id='word_1_56' title='bbox 1774 408 1821 446; x_wconf 87' lang='lat' dir='ltr'>in</span> 
     </span>
     <span class='ocr_line' id='line_1_20' title="bbox 289 469 1822 525; baseline -0.002 -13"><span class='ocrx_word' id='word_1_57' title='bbox 289 472 438 512; x_wconf 90' lang='lat' dir='ltr'>eodem</span> <span class='ocrx_word' id='word_1_58' title='bbox 461 472 676 525; x_wconf 86' lang='lat' dir='ltr'>Hospitali</span> <span class='ocrx_word' id='word_1_59' title='bbox 698 485 771 524; x_wconf 92' lang='lat' dir='ltr'>per</span> <span class='ocrx_word' id='word_1_60' title='bbox 796 484 928 510; x_wconf 91' lang='lat' dir='ltr'>unam</span> <span class='ocrx_word' id='word_1_61' title='bbox 959 474 1132 510; x_wconf 88' lang='lat' dir='ltr'>noctem</span> <span class='ocrx_word' id='word_1_62' title='bbox 1162 469 1374 510; x_wconf 88' lang='lat' dir='ltr'>haberent</span> <span class='ocrx_word' id='word_1_63' title='bbox 1402 469 1636 523; x_wconf 85' lang='lat' dir='ltr'>refugium,</span> <span class='ocrx_word' id='word_1_64' title='bbox 1659 474 1702 509; x_wconf 92' lang='lat' dir='ltr'>et</span> <span class='ocrx_word' id='word_1_65' title='bbox 1723 469 1822 509; x_wconf 91' lang='lat' dir='ltr'>hos-</span> 
     </span>
     <span class='ocr_line' id='line_1_21' title="bbox 287 534 1820 589; baseline -0.001 -14"><span class='ocrx_word' id='word_1_66' title='bbox 287 537 464 589; x_wconf 81' lang='lat' dir='ltr'>picium,</span> <span class='ocrx_word' id='word_1_67' title='bbox 486 540 536 575; x_wconf 90' lang='lat' dir='ltr'>ut</span> <span class='ocrx_word' id='word_1_68' title='bbox 567 536 620 575; x_wconf 90' lang='lat' dir='ltr'>de</span> <span class='ocrx_word' id='word_1_69' title='bbox 653 536 772 575; x_wconf 88' lang='lat' dir='ltr'>victu</span> <span class='ocrx_word' id='word_1_70' title='bbox 804 538 849 574; x_wconf 90' lang='lat' dir='ltr'>et</span> <span class='ocrx_word' id='word_1_71' title='bbox 879 534 1005 584; x_wconf 91' lang='lat' dir='ltr'>lecto,</span> <span class='ocrx_word' id='word_1_72' title='bbox 1026 535 1089 574; x_wconf 90' lang='lat' dir='ltr'>ita</span> <span class='ocrx_word' id='word_1_73' title='bbox 1119 535 1233 588; x_wconf 92' lang='lat' dir='ltr'>quod</span> <span class='ocrx_word' id='word_1_74' title='bbox 1253 547 1379 573; x_wconf 90' lang='lat' dir='ltr'>mane</span> <span class='ocrx_word' id='word_1_75' title='bbox 1410 537 1683 586; x_wconf 79' lang='lat' dir='ltr'>praetereant,</span> <span class='ocrx_word' id='word_1_76' title='bbox 1706 534 1820 574; x_wconf 88' lang='lat' dir='ltr'>unde</span> 
     </span>
     <span class='ocr_line' id='line_1_22' title="bbox 288 597 1821 652; baseline -0.001 -13"><span class='ocrx_word' id='word_1_77' title='bbox 288 600 399 639; x_wconf 90' lang='lat' dir='ltr'>nulli</span> <span class='ocrx_word' id='word_1_78' title='bbox 419 599 499 639; x_wconf 90' lang='lat' dir='ltr'>sibi</span> <span class='ocrx_word' id='word_1_79' title='bbox 516 598 676 639; x_wconf 81' lang='lat' dir='ltr'>habent</span> <span class='ocrx_word' id='word_1_80' title='bbox 692 598 925 652; x_wconf 87' lang='lat' dir='ltr'>refugium,</span> <span class='ocrx_word' id='word_1_81' title='bbox 942 598 1107 637; x_wconf 87' lang='lat' dir='ltr'>victum</span> <span class='ocrx_word' id='word_1_82' title='bbox 1129 612 1208 638; x_wconf 89' lang='lat' dir='ltr'>nec</span> <span class='ocrx_word' id='word_1_83' title='bbox 1230 598 1417 646; x_wconf 84' lang='lat' dir='ltr'>lectum3</span> <span class='ocrx_word' id='word_1_84' title='bbox 1441 597 1514 637; x_wconf 87' lang='lat' dir='ltr'>sed</span> <span class='ocrx_word' id='word_1_85' title='bbox 1536 597 1668 637; x_wconf 67' lang='lat' dir='ltr'>vacua</span> <span class='ocrx_word' id='word_1_86' title='bbox 1689 611 1821 637; x_wconf 90' lang='lat' dir='ltr'>manu</span> 
     </span>
     <span class='ocr_line' id='line_1_23' title="bbox 286 661 1820 715; baseline -0.001 -12"><span class='ocrx_word' id='word_1_87' title='bbox 286 664 507 703; x_wconf 89' lang='lat' dir='ltr'>recedunt.</span> <span class='ocrx_word' id='word_1_88' title='bbox 561 663 707 711; x_wconf 81' lang='lat' dir='ltr'>Quoad</span> <span class='ocrx_word' id='word_1_89' title='bbox 729 663 998 702; x_wconf 91' lang='lat' dir='ltr'>Elemosinas</span> <span class='ocrx_word' id='word_1_90' title='bbox 1020 661 1251 713; x_wconf 86' lang='lat' dir='ltr'>faciendas,</span> <span class='ocrx_word' id='word_1_91' title='bbox 1273 663 1438 712; x_wconf 88' lang='lat' dir='ltr'>dicunt,</span> <span class='ocrx_word' id='word_1_92' title='bbox 1460 661 1573 715; x_wconf 91' lang='lat' dir='ltr'>quod</span> <span class='ocrx_word' id='word_1_93' title='bbox 1594 662 1664 701; x_wconf 82' lang='lat' dir='ltr'>die</span> <span class='ocrx_word' id='word_1_94' title='bbox 1684 662 1820 701; x_wconf 86' lang='lat' dir='ltr'>beatae</span> 
     </span>
     <span class='ocr_line' id='line_1_24' title="bbox 288 725 1821 779; baseline -0.002 -12"><span class='ocrx_word' id='word_1_95' title='bbox 288 725 450 767; x_wconf 58' lang='lat' dir='ltr'>Alarico</span> <span class='ocrx_word' id='word_1_96' title='bbox 486 725 766 779; x_wconf 62' lang='lat' dir='ltr'>Magyclalenoe</span> <span class='ocrx_word' id='word_1_97' title='bbox 799 726 1026 766; x_wconf 79' lang='lat' dir='ltr'>annuatim</span> <span class='ocrx_word' id='word_1_98' title='bbox 1057 727 1394 779; x_wconf 82' lang='lat' dir='ltr'>imperpetuum,</span> <span class='ocrx_word' id='word_1_99' title='bbox 1426 726 1604 765; x_wconf 79' lang='lat' dir='ltr'>cuilibet</span> <span class='ocrx_word' id='word_1_100' title='bbox 1642 726 1821 778; x_wconf 87' lang='lat' dir='ltr'>pauperi</span> 
     </span>
     <span class='ocr_line' id='line_1_25' title="bbox 288 789 1820 843; baseline -0.001 -13"><span class='ocrx_word' id='word_1_101' title='bbox 288 791 495 840; x_wconf 83' lang='lat' dir='ltr'>venienti,</span> <span class='ocrx_word' id='word_1_102' title='bbox 517 791 648 830; x_wconf 85' lang='lat' dir='ltr'>debet</span> <span class='ocrx_word' id='word_1_103' title='bbox 673 791 873 830; x_wconf 77' lang='lat' dir='ltr'>distribui</span> <span class='ocrx_word' id='word_1_104' title='bbox 905 804 1019 830; x_wconf 90' lang='lat' dir='ltr'>unus</span> <span class='ocrx_word' id='word_1_105' title='bbox 1050 791 1173 843; x_wconf 91' lang='lat' dir='ltr'>panis</span> <span class='ocrx_word' id='word_1_106' title='bbox 1204 789 1442 840; x_wconf 87' lang='lat' dir='ltr'>frumenti,¹</span> <span class='ocrx_word' id='word_1_107' title='bbox 1466 789 1610 829; x_wconf 87' lang='lat' dir='ltr'>valens</span> <span class='ocrx_word' id='word_1_108' title='bbox 1632 789 1820 839; x_wconf 90' lang='lat' dir='ltr'>obolum,</span> 
     </span>
     <span class='ocr_line' id='line_1_26' title="bbox 286 853 1820 908; baseline -0.001 -15"><span class='ocrx_word' id='word_1_109' title='bbox 286 855 502 908; x_wconf 88' lang='lat' dir='ltr'>quarterio</span> <span class='ocrx_word' id='word_1_110' title='bbox 535 854 745 894; x_wconf 84' lang='lat' dir='ltr'>frumenti</span> <span class='ocrx_word' id='word_1_111' title='bbox 779 854 950 894; x_wconf 85' lang='lat' dir='ltr'>valente</span> <span class='ocrx_word' id='word_1_112' title='bbox 992 855 1183 907; x_wconf 89' lang='lat' dir='ltr'>quinque</span> <span class='ocrx_word' id='word_1_113' title='bbox 1226 854 1410 903; x_wconf 88' lang='lat' dir='ltr'>solidos;</span> <span class='ocrx_word' id='word_1_114' title='bbox 1442 857 1487 893; x_wconf 85' lang='lat' dir='ltr'>et</span> <span class='ocrx_word' id='word_1_115' title='bbox 1528 867 1665 892; x_wconf 89' lang='lat' dir='ltr'>unum</span> <span class='ocrx_word' id='word_1_116' title='bbox 1699 853 1820 904; x_wconf 84' lang='lat' dir='ltr'>allec,</span> 
     </span>
     <span class='ocr_line' id='line_1_27' title="bbox 286 916 1821 971; baseline -0.001 -13"><span class='ocrx_word' id='word_1_117' title='bbox 286 919 400 958; x_wconf 88' lang='lat' dir='ltr'>unde</span> <span class='ocrx_word' id='word_1_118' title='bbox 441 932 518 971; x_wconf 90' lang='lat' dir='ltr'>per</span> <span class='ocrx_word' id='word_1_119' title='bbox 553 922 698 958; x_wconf 89' lang='lat' dir='ltr'>totum</span> <span class='ocrx_word' id='word_1_120' title='bbox 730 922 903 971; x_wconf 89' lang='lat' dir='ltr'>tempus</span> <span class='ocrx_word' id='word_1_121' title='bbox 935 919 1040 957; x_wconf 90' lang='lat' dir='ltr'>dicti</span> <span class='ocrx_word' id='word_1_122' title='bbox 1081 916 1288 958; x_wconf 71' lang='lat' dir='ltr'>Nicholaz‘</span> <span class='ocrx_word' id='word_1_123' title='bbox 1329 918 1574 957; x_wconf 85' lang='lat' dir='ltr'>Elemosina</span> <span class='ocrx_word' id='word_1_124' title='bbox 1613 916 1703 957; x_wconf 85' lang='lat' dir='ltr'>haec</span> <span class='ocrx_word' id='word_1_125' title='bbox 1745 930 1821 970; x_wconf 88' lang='lat' dir='ltr'>per</span> 
     </span>
     <span class='ocr_line' id='line_1_28' title="bbox 286 980 1820 1034; baseline 0 -12"><span class='ocrx_word' id='word_1_126' title='bbox 286 983 478 1022; x_wconf 91' lang='lat' dir='ltr'>eundum</span> <span class='ocrx_word' id='word_1_127' title='bbox 499 980 770 1022; x_wconf 70' lang='lat' dir='ltr'>Nz&#39;cholaum</span> <span class='ocrx_word' id='word_1_128' title='bbox 792 981 1086 1031; x_wconf 84' lang='lat' dir='ltr'>subtrahitur3</span> <span class='ocrx_word' id='word_1_129' title='bbox 1120 983 1193 1022; x_wconf 89' lang='lat' dir='ltr'>sed</span> <span class='ocrx_word' id='word_1_130' title='bbox 1215 982 1305 1022; x_wconf 91' lang='lat' dir='ltr'>loco</span> <span class='ocrx_word' id='word_1_131' title='bbox 1326 981 1456 1034; x_wconf 89' lang='lat' dir='ltr'>hujus</span> <span class='ocrx_word' id='word_1_132' title='bbox 1471 982 1545 1021; x_wconf 88' lang='lat' dir='ltr'>dat</span> <span class='ocrx_word' id='word_1_133' title='bbox 1560 981 1820 1034; x_wconf 85' lang='lat' dir='ltr'>pauperibus</span> 
     </span>
     <span class='ocr_line' id='line_1_29' title="bbox 285 1045 1818 1098; baseline -0.001 -12"><span class='ocrx_word' id='word_1_134' title='bbox 285 1047 401 1086; x_wconf 90' lang='lat' dir='ltr'>dicto</span> <span class='ocrx_word' id='word_1_135' title='bbox 423 1047 492 1086; x_wconf 91' lang='lat' dir='ltr'>die</span> <span class='ocrx_word' id='word_1_136' title='bbox 514 1045 795 1098; x_wconf 64' lang='lat' dir='ltr'>,Magsdalenoe</span> <span class='ocrx_word' id='word_1_137' title='bbox 826 1046 1119 1096; x_wconf 87' lang='lat' dir='ltr'>venientibus,</span> <span class='ocrx_word' id='word_1_138' title='bbox 1151 1059 1290 1085; x_wconf 92' lang='lat' dir='ltr'>unum</span> <span class='ocrx_word' id='word_1_139' title='bbox 1323 1045 1557 1086; x_wconf 84' lang='lat' dir='ltr'>Salsarium</span> <span class='ocrx_word' id='word_1_140' title='bbox 1589 1046 1818 1095; x_wconf 74' lang='lat' dir='ltr'>Fabatum,</span> 
     </span>
     <span class='ocr_line' id='line_1_30' title="bbox 286 1108 1820 1163; baseline -0.002 -13"><span class='ocrx_word' id='word_1_141' title='bbox 286 1124 360 1150; x_wconf 85' lang='lat' dir='ltr'>seu</span> <span class='ocrx_word' id='word_1_142' title='bbox 382 1111 530 1150; x_wconf 77' lang='lat' dir='ltr'>farinae</span> <span class='ocrx_word' id='word_1_143' title='bbox 551 1110 730 1163; x_wconf 90' lang='lat' dir='ltr'>plenum</span> <span class='ocrx_word' id='word_1_144' title='bbox 748 1124 759 1158; x_wconf 81' lang='lat'><em>3</em></span> <span class='ocrx_word' id='word_1_145' title='bbox 793 1110 867 1149; x_wconf 88' lang='lat' dir='ltr'>sed</span> <span class='ocrx_word' id='word_1_146' title='bbox 888 1109 1021 1162; x_wconf 85' lang='lat' dir='ltr'>major</span> <span class='ocrx_word' id='word_1_147' title='bbox 1044 1123 1139 1163; x_wconf 82' lang='lat' dir='ltr'>pars</span> <span class='ocrx_word' id='word_1_148' title='bbox 1161 1123 1400 1163; x_wconf 83' lang='lat' dir='ltr'>pauperum</span> <span class='ocrx_word' id='word_1_149' title='bbox 1421 1108 1557 1148; x_wconf 89' lang='lat' dir='ltr'>nichil</span> <span class='ocrx_word' id='word_1_150' title='bbox 1570 1109 1671 1148; x_wconf 90' lang='lat' dir='ltr'>inde</span> <span class='ocrx_word' id='word_1_151' title='bbox 1685 1109 1820 1161; x_wconf 88' lang='lat' dir='ltr'>possi-</span> 
     </span>
     <span class='ocr_line' id='line_1_31' title="bbox 285 1172 1819 1227; baseline -0.001 -14"><span class='ocrx_word' id='word_1_152' title='bbox 285 1174 476 1215; x_wconf 90' lang='lat' dir='ltr'>debunt:</span> <span class='ocrx_word' id='word_1_153' title='bbox 511 1174 674 1213; x_wconf 87' lang='lat' dir='ltr'>Dicunt</span> <span class='ocrx_word' id='word_1_154' title='bbox 707 1174 854 1223; x_wconf 85' lang='lat' dir='ltr'>etiam,</span> <span class='ocrx_word' id='word_1_155' title='bbox 877 1173 991 1226; x_wconf 91' lang='lat' dir='ltr'>quod</span> <span class='ocrx_word' id='word_1_156' title='bbox 1022 1174 1193 1213; x_wconf 89' lang='lat' dir='ltr'>minuta</span> <span class='ocrx_word' id='word_1_157' title='bbox 1223 1187 1350 1227; x_wconf 90' lang='lat' dir='ltr'>opera</span> <span class='ocrx_word' id='word_1_158' title='bbox 1381 1173 1618 1223; x_wconf 87' lang='lat' dir='ltr'>caritativa,</span> <span class='ocrx_word' id='word_1_159' title='bbox 1640 1186 1735 1225; x_wconf 83' lang='lat' dir='ltr'>quae</span> <span class='ocrx_word' id='word_1_160' title='bbox 1765 1172 1819 1212; x_wconf 89' lang='lat' dir='ltr'>ab</span> 
     </span>
     <span class='ocr_line' id='line_1_32' title="bbox 283 1237 1820 1291; baseline -0.001 -15"><span class='ocrx_word' id='word_1_161' title='bbox 283 1237 532 1291; x_wconf 86' lang='lat' dir='ltr'>hujusmodi</span> <span class='ocrx_word' id='word_1_162' title='bbox 564 1238 795 1290; x_wconf 88' lang='lat' dir='ltr'>Hospitali,</span> <span class='ocrx_word' id='word_1_163' title='bbox 836 1241 880 1277; x_wconf 88' lang='lat' dir='ltr'>et</span> <span class='ocrx_word' id='word_1_164' title='bbox 910 1238 1123 1291; x_wconf 80' lang='lat' dir='ltr'>praecipue</span> <span class='ocrx_word' id='word_1_165' title='bbox 1169 1237 1222 1277; x_wconf 88' lang='lat' dir='ltr'>ab</span> <span class='ocrx_word' id='word_1_166' title='bbox 1263 1237 1342 1277; x_wconf 91' lang='lat' dir='ltr'>hoc</span> <span class='ocrx_word' id='word_1_167' title='bbox 1377 1237 1586 1277; x_wconf 89' lang='lat' dir='ltr'>deberent</span> <span class='ocrx_word' id='word_1_168' title='bbox 1623 1249 1820 1276; x_wconf 86' lang='lat' dir='ltr'>emanare</span> 
     </span>
     <span class='ocr_line' id='line_1_33' title="bbox 284 1300 1819 1354; baseline -0.001 -13"><span class='ocrx_word' id='word_1_169' title='bbox 284 1302 402 1341; x_wconf 68' lang='lat' dir='ltr'>nulla</span> <span class='ocrx_word' id='word_1_170' title='bbox 415 1302 515 1341; x_wconf 89' lang='lat' dir='ltr'>inde</span> <span class='ocrx_word' id='word_1_171' title='bbox 530 1301 708 1351; x_wconf 88' lang='lat' dir='ltr'>fuerint,</span> <span class='ocrx_word' id='word_1_172' title='bbox 723 1302 940 1341; x_wconf 86' lang='lat' dir='ltr'>occasione</span> <span class='ocrx_word' id='word_1_173' title='bbox 957 1301 1163 1341; x_wconf 83' lang='lat' dir='ltr'>absentiae</span> <span class='ocrx_word' id='word_1_174' title='bbox 1181 1315 1281 1351; x_wconf 84' lang='lat' dir='ltr'>suae,</span> <span class='ocrx_word' id='word_1_175' title='bbox 1299 1301 1400 1354; x_wconf 86' lang='lat' dir='ltr'>quia</span> <span class='ocrx_word' id='word_1_176' title='bbox 1421 1314 1514 1340; x_wconf 88' lang='lat' dir='ltr'>raro</span> <span class='ocrx_word' id='word_1_177' title='bbox 1530 1301 1590 1339; x_wconf 87' lang='lat' dir='ltr'>ibi</span> <span class='ocrx_word' id='word_1_178' title='bbox 1606 1300 1793 1340; x_wconf 86' lang='lat' dir='ltr'>resideat</span> <span class='ocrx_word' id='word_1_179' title='bbox 1808 1314 1819 1348; x_wconf 89' lang='lat'>;</span> 
     </span>
     <span class='ocr_line' id='line_1_34' title="bbox 284 1362 1818 1417; baseline -0.001 -12"><span class='ocrx_word' id='word_1_180' title='bbox 284 1379 383 1405; x_wconf 88' lang='lat' dir='ltr'>cum</span> <span class='ocrx_word' id='word_1_181' title='bbox 413 1369 561 1405; x_wconf 89' lang='lat' dir='ltr'>tamen</span> <span class='ocrx_word' id='word_1_182' title='bbox 594 1366 780 1405; x_wconf 85' lang='lat' dir='ltr'>residere</span> <span class='ocrx_word' id='word_1_183' title='bbox 811 1368 1028 1415; x_wconf 88' lang='lat' dir='ltr'>teneatur,</span> <span class='ocrx_word' id='word_1_184' title='bbox 1060 1366 1204 1405; x_wconf 86' lang='lat' dir='ltr'>omnia</span> <span class='ocrx_word' id='word_1_185' title='bbox 1235 1363 1325 1404; x_wconf 83' lang='lat' dir='ltr'>haec</span> <span class='ocrx_word' id='word_1_186' title='bbox 1356 1378 1431 1417; x_wconf 89' lang='lat' dir='ltr'>per</span> <span class='ocrx_word' id='word_1_187' title='bbox 1462 1362 1733 1404; x_wconf 71' lang='lat' dir='ltr'>Nicholoeum</span> <span class='ocrx_word' id='word_1_188' title='bbox 1764 1363 1818 1403; x_wconf 88' lang='lat' dir='ltr'>de</span> 
     </span>
     <span class='ocr_line' id='line_1_35' title="bbox 285 1427 1819 1482; baseline -0.001 -14"><span class='ocrx_word' id='word_1_189' title='bbox 285 1428 464 1482; x_wconf 70' lang='lat' dir='ltr'>Illolyns</span> <span class='ocrx_word' id='word_1_190' title='bbox 503 1428 734 1469; x_wconf 81' lang='lat' dir='ltr'>Custodem</span> <span class='ocrx_word' id='word_1_191' title='bbox 770 1429 946 1478; x_wconf 84' lang='lat' dir='ltr'>ibidem,</span> <span class='ocrx_word' id='word_1_192' title='bbox 982 1442 1058 1482; x_wconf 89' lang='lat' dir='ltr'>per</span> <span class='ocrx_word' id='word_1_193' title='bbox 1090 1432 1263 1481; x_wconf 89' lang='lat' dir='ltr'>tempus</span> <span class='ocrx_word' id='word_1_194' title='bbox 1298 1442 1424 1468; x_wconf 87' lang='lat' dir='ltr'>suum</span> <span class='ocrx_word' id='word_1_195' title='bbox 1458 1428 1678 1482; x_wconf 87' lang='lat' dir='ltr'>integrum</span> <span class='ocrx_word' id='word_1_196' title='bbox 1721 1427 1819 1467; x_wconf 90' lang='lat' dir='ltr'>sub-</span> 
     </span>
     <span class='ocr_line' id='line_1_36' title="bbox 285 1491 974 1543; baseline -0.001 -11"><span class='ocrx_word' id='word_1_197' title='bbox 285 1492 535 1543; x_wconf 89' lang='lat' dir='ltr'>trahuntur,</span> <span class='ocrx_word' id='word_1_198' title='bbox 557 1496 602 1533; x_wconf 89' lang='lat' dir='ltr'>et</span> <span class='ocrx_word' id='word_1_199' title='bbox 623 1491 974 1532; x_wconf 86' lang='lat' dir='ltr'>adnichilantur.²</span> 
     </span>
    </p>
   </div>
   <div class='ocr_carea' id='block_1_9' title="bbox 305 1670 1802 1829">
    <p class='ocr_par' dir='ltr' id='par_1_9' title="bbox 305 1670 1802 1829">
     <span class='ocr_line' id='line_1_37' title="bbox 305 1670 1802 1709; baseline -0.002 0"><span class='ocrx_word' id='word_1_200' title='bbox 305 1673 419 1709; x_wconf 79' lang='lat' dir='ltr'>CXV.</span> <span class='ocrx_word' id='word_1_201' title='bbox 462 1673 787 1708; x_wconf 82' lang='lat' dir='ltr'><strong>PROCEEDING</strong></span> <span class='ocrx_word' id='word_1_202' title='bbox 837 1672 893 1707; x_wconf 91' lang='lat' dir='ltr'>IN</span> <span class='ocrx_word' id='word_1_203' title='bbox 948 1672 1053 1707; x_wconf 91' lang='lat' dir='ltr'>THE</span> <span class='ocrx_word' id='word_1_204' title='bbox 1101 1672 1267 1708; x_wconf 81' lang='lat' dir='ltr'>KING&#39;S</span> <span class='ocrx_word' id='word_1_205' title='bbox 1326 1672 1499 1707; x_wconf 86' lang='lat' dir='ltr'><strong>BENOH</strong></span> <span class='ocrx_word' id='word_1_206' title='bbox 1558 1670 1802 1707; x_wconf 79' lang='lat' dir='ltr'><strong>REOITING</strong></span> 
     </span>
     <span class='ocr_line' id='line_1_38' title="bbox 381 1732 1801 1777; baseline -0.001 -10"><span class='ocrx_word' id='word_1_207' title='bbox 381 1733 706 1768; x_wconf 83' lang='lat' dir='ltr'><strong>PROCEEDING</strong></span> <span class='ocrx_word' id='word_1_208' title='bbox 740 1733 796 1767; x_wconf 73' lang='lat' dir='ltr'>IN</span> <span class='ocrx_word' id='word_1_209' title='bbox 828 1733 1123 1777; x_wconf 83' lang='lat' dir='ltr'><strong>OHANOERY,</strong></span> <span class='ocrx_word' id='word_1_210' title='bbox 1155 1733 1297 1767; x_wconf 86' lang='lat' dir='ltr'>WITH</span> <span class='ocrx_word' id='word_1_211' title='bbox 1330 1734 1367 1767; x_wconf 86' lang='lat' dir='ltr'>A</span> <span class='ocrx_word' id='word_1_212' title='bbox 1400 1733 1576 1767; x_wconf 88' lang='lat' dir='ltr'><strong>ROYAL</strong></span> <span class='ocrx_word' id='word_1_213' title='bbox 1609 1732 1801 1767; x_wconf 83' lang='lat' dir='ltr'>VISITA-</span> 
     </span>
     <span class='ocr_line' id='line_1_39' title="bbox 379 1792 1768 1829; baseline -0.001 0"><span class='ocrx_word' id='word_1_214' title='bbox 379 1795 495 1829; x_wconf 89' lang='lat' dir='ltr'><strong>TION</strong></span> <span class='ocrx_word' id='word_1_215' title='bbox 527 1795 590 1829; x_wconf 88' lang='lat' dir='ltr'>OF</span> <span class='ocrx_word' id='word_1_216' title='bbox 623 1794 727 1828; x_wconf 89' lang='lat' dir='ltr'>THE</span> <span class='ocrx_word' id='word_1_217' title='bbox 760 1793 1013 1828; x_wconf 79' lang='lat' dir='ltr'><strong>HOSPITAL</strong></span> <span class='ocrx_word' id='word_1_218' title='bbox 1047 1794 1108 1828; x_wconf 90' lang='lat' dir='ltr'>OF</span> <span class='ocrx_word' id='word_1_219' title='bbox 1142 1794 1208 1828; x_wconf 81' lang='lat' dir='ltr'>ST.</span> <span class='ocrx_word' id='word_1_220' title='bbox 1243 1793 1376 1828; x_wconf 88' lang='lat' dir='ltr'><strong>JOHN</strong></span> <span class='ocrx_word' id='word_1_221' title='bbox 1408 1793 1512 1828; x_wconf 88' lang='lat' dir='ltr'>THE</span> <span class='ocrx_word' id='word_1_222' title='bbox 1545 1792 1768 1828; x_wconf 85' lang='lat' dir='ltr'><strong>BAPTIST.</strong></span> 
     </span>
    </p>
   </div>
   <div class='ocr_carea' id='block_1_10' title="bbox 439 1868 1666 1915">
    <p class='ocr_par' dir='ltr' id='par_1_10' title="bbox 439 1868 1666 1915">
     <span class='ocr_line' id='line_1_40' title="bbox 439 1868 1666 1915; baseline -0.002 -11"><span class='ocrx_word' id='word_1_223' title='bbox 439 1871 597 1915; x_wconf 73' lang='lat' dir='ltr'>(Plaeita</span> <span class='ocrx_word' id='word_1_224' title='bbox 614 1882 730 1904; x_wconf 78' lang='lat' dir='ltr'>coram</span> <span class='ocrx_word' id='word_1_225' title='bbox 749 1871 853 1915; x_wconf 71' lang='lat' dir='ltr'>Reye.</span> <span class='ocrx_word' id='word_1_226' title='bbox 905 1870 950 1903; x_wconf 86' lang='lat'>15</span> <span class='ocrx_word' id='word_1_227' title='bbox 967 1869 1069 1904; x_wconf 87' lang='lat' dir='ltr'>Edw.</span> <span class='ocrx_word' id='word_1_228' title='bbox 1089 1869 1171 1913; x_wconf 63' lang='lat' dir='ltr'>III„</span> <span class='ocrx_word' id='word_1_229' title='bbox 1190 1869 1284 1903; x_wconf 86' lang='lat' dir='ltr'>Trin.</span> <span class='ocrx_word' id='word_1_230' title='bbox 1302 1869 1385 1903; x_wconf 86' lang='lat' dir='ltr'>Roll</span> <span class='ocrx_word' id='word_1_231' title='bbox 1406 1869 1461 1912; x_wconf 85' lang='lat'>16,</span> <span class='ocrx_word' id='word_1_232' title='bbox 1479 1868 1545 1903; x_wconf 92' lang='lat' dir='ltr'>No.</span> <span class='ocrx_word' id='word_1_233' title='bbox 1566 1868 1666 1911; x_wconf 82' lang='lat'>108.)</span> 
     </span>
    </p>
   </div>
   <div class='ocr_carea' id='block_1_11' title="bbox 287 1949 1819 2705">
    <p class='ocr_par' dir='ltr' id='par_1_11' title="bbox 287 1949 1817 2057">
     <span class='ocr_line' id='line_1_41' title="bbox 373 1949 1817 2000; baseline -0.003 -8"><span class='ocrx_word' id='word_1_234' title='bbox 373 1952 500 1992; x_wconf 88' lang='lat' dir='ltr'>Ebor.</span> <span class='ocrx_word' id='word_1_235' title='bbox 536 1952 749 1992; x_wconf 87' lang='lat' dir='ltr'>Dominus</span> <span class='ocrx_word' id='word_1_236' title='bbox 784 1952 875 1991; x_wconf 83' lang='lat' dir='ltr'>Rex</span> <span class='ocrx_word' id='word_1_237' title='bbox 909 1951 1131 1991; x_wconf 87' lang='lat' dir='ltr'>mandavit</span> <span class='ocrx_word' id='word_1_238' title='bbox 1160 1951 1420 1992; x_wconf 84' lang='lat' dir='ltr'>Justiciariis</span> <span class='ocrx_word' id='word_1_239' title='bbox 1457 1951 1544 1990; x_wconf 88' lang='lat' dir='ltr'>suis</span> <span class='ocrx_word' id='word_1_240' title='bbox 1575 1949 1660 2000; x_wconf 90' lang='lat' dir='ltr'>hic,</span> <span class='ocrx_word' id='word_1_241' title='bbox 1689 1949 1817 1989; x_wconf 88' lang='lat' dir='ltr'>breve</span> 
     </span>
     <span class='ocr_line' id='line_1_42' title="bbox 287 2015 1039 2057; baseline 0 -1"><span class='ocrx_word' id='word_1_242' title='bbox 287 2031 412 2057; x_wconf 85' lang='lat' dir='ltr'>suum</span> <span class='ocrx_word' id='word_1_243' title='bbox 434 2017 626 2056; x_wconf 84' lang='lat' dir='ltr'>clausum</span> <span class='ocrx_word' id='word_1_244' title='bbox 646 2017 692 2055; x_wconf 89' lang='lat' dir='ltr'>in</span> <span class='ocrx_word' id='word_1_245' title='bbox 715 2015 805 2055; x_wconf 82' lang='lat' dir='ltr'>haec</span> <span class='ocrx_word' id='word_1_246' title='bbox 825 2016 953 2055; x_wconf 85' lang='lat' dir='ltr'>verba</span> <span class='ocrx_word' id='word_1_247' title='bbox 969 2032 1039 2056; x_wconf 89' lang='lat'>:—</span> 
     </span>
    </p>

    <p class='ocr_par' dir='ltr' id='par_1_12' title="bbox 287 2077 1819 2705">
     <span class='ocr_line' id='line_1_43' title="bbox 374 2077 1817 2132; baseline -0.002 -13"><span class='ocrx_word' id='word_1_248' title='bbox 374 2080 619 2129; x_wconf 81' lang='lat' dir='ltr'>Edwardus‚</span> <span class='ocrx_word' id='word_1_249' title='bbox 651 2080 730 2119; x_wconf 91' lang='lat' dir='ltr'>Dei</span> <span class='ocrx_word' id='word_1_250' title='bbox 761 2080 902 2132; x_wconf 85' lang='lat' dir='ltr'>gracia</span> <span class='ocrx_word' id='word_1_251' title='bbox 928 2079 1018 2119; x_wconf 82' lang='lat' dir='ltr'>Rex</span> <span class='ocrx_word' id='word_1_252' title='bbox 1043 2079 1210 2132; x_wconf 82' lang='lat' dir='ltr'>Angliae</span> <span class='ocrx_word' id='word_1_253' title='bbox 1242 2082 1286 2119; x_wconf 88' lang='lat' dir='ltr'>et</span> <span class='ocrx_word' id='word_1_254' title='bbox 1317 2078 1523 2129; x_wconf 83' lang='lat' dir='ltr'>Franciae,</span> <span class='ocrx_word' id='word_1_255' title='bbox 1545 2081 1590 2118; x_wconf 89' lang='lat' dir='ltr'>et</span> <span class='ocrx_word' id='word_1_256' title='bbox 1619 2077 1817 2117; x_wconf 91' lang='lat' dir='ltr'>dominus</span> 
     </span>
     <span class='ocr_line' id='line_1_44' title="bbox 287 2141 1817 2194; baseline -0.003 -10"><span class='ocrx_word' id='word_1_257' title='bbox 287 2144 523 2194; x_wconf 87' lang='lat' dir='ltr'>Hiberniae,</span> <span class='ocrx_word' id='word_1_258' title='bbox 564 2143 734 2183; x_wconf 90' lang='lat' dir='ltr'>dilectis</span> <span class='ocrx_word' id='word_1_259' title='bbox 776 2146 821 2183; x_wconf 89' lang='lat' dir='ltr'>et</span> <span class='ocrx_word' id='word_1_260' title='bbox 861 2142 1060 2182; x_wconf 90' lang='lat' dir='ltr'>fidelibus</span> <span class='ocrx_word' id='word_1_261' title='bbox 1103 2144 1190 2182; x_wconf 88' lang='lat' dir='ltr'>suis</span> <span class='ocrx_word' id='word_1_262' title='bbox 1223 2143 1440 2183; x_wconf 79' lang='lat' dir='ltr'>Willelmo</span> <span class='ocrx_word' id='word_1_263' title='bbox 1478 2142 1578 2183; x_wconf 84' lang='lat' dir='ltr'>Scot</span> <span class='ocrx_word' id='word_1_264' title='bbox 1613 2144 1658 2181; x_wconf 86' lang='lat' dir='ltr'>et</span> <span class='ocrx_word' id='word_1_265' title='bbox 1695 2141 1817 2180; x_wconf 88' lang='lat' dir='ltr'>sociis</span> 
     </span>
     <span class='ocr_line' id='line_1_45' title="bbox 288 2205 1817 2259; baseline -0.002 -12"><span class='ocrx_word' id='word_1_266' title='bbox 288 2209 389 2258; x_wconf 85' lang='lat' dir='ltr'>suis,</span> <span class='ocrx_word' id='word_1_267' title='bbox 424 2207 686 2248; x_wconf 86' lang='lat' dir='ltr'>Justiciariis</span> <span class='ocrx_word' id='word_1_268' title='bbox 723 2207 777 2246; x_wconf 89' lang='lat' dir='ltr'>ad</span> <span class='ocrx_word' id='word_1_269' title='bbox 817 2206 975 2259; x_wconf 85' lang='lat' dir='ltr'>placita</span> <span class='ocrx_word' id='word_1_270' title='bbox 1008 2220 1147 2246; x_wconf 85' lang='lat' dir='ltr'>coram</span> <span class='ocrx_word' id='word_1_271' title='bbox 1184 2206 1306 2246; x_wconf 90' lang='lat' dir='ltr'>nobis</span> <span class='ocrx_word' id='word_1_272' title='bbox 1345 2207 1533 2246; x_wconf 83' lang='lat' dir='ltr'>tenenda</span> <span class='ocrx_word' id='word_1_273' title='bbox 1574 2205 1817 2258; x_wconf 86' lang='lat' dir='ltr'>assignatis,</span> 
     </span>
     <span class='ocr_line' id='line_1_46' title="bbox 289 2268 1817 2323; baseline -0.003 -12"><span class='ocrx_word' id='word_1_274' title='bbox 289 2272 484 2311; x_wconf 83' lang='lat' dir='ltr'>salutem.</span> <span class='ocrx_word' id='word_1_275' title='bbox 547 2270 788 2310; x_wconf 85' lang='lat' dir='ltr'>Recordum</span> <span class='ocrx_word' id='word_1_276' title='bbox 830 2273 874 2310; x_wconf 86' lang='lat' dir='ltr'>et</span> <span class='ocrx_word' id='word_1_277' title='bbox 907 2283 1153 2322; x_wconf 86' lang='lat' dir='ltr'>processum</span> <span class='ocrx_word' id='word_1_278' title='bbox 1193 2270 1372 2323; x_wconf 76' lang='lat' dir='ltr'>loquelae</span> <span class='ocrx_word' id='word_1_279' title='bbox 1413 2283 1508 2323; x_wconf 87' lang='lat' dir='ltr'>quae</span> <span class='ocrx_word' id='word_1_280' title='bbox 1549 2268 1635 2309; x_wconf 90' lang='lat' dir='ltr'>fuit</span> <span class='ocrx_word' id='word_1_281' title='bbox 1675 2282 1817 2308; x_wconf 90' lang='lat' dir='ltr'>coram</span> 
     </span>
     <span class='ocr_line' id='line_1_47' title="bbox 287 2332 1817 2386; baseline -0.001 -12"><span class='ocrx_word' id='word_1_282' title='bbox 287 2335 411 2375; x_wconf 89' lang='lat' dir='ltr'>nobis</span> <span class='ocrx_word' id='word_1_283' title='bbox 432 2336 478 2374; x_wconf 91' lang='lat' dir='ltr'>in</span> <span class='ocrx_word' id='word_1_284' title='bbox 501 2333 759 2375; x_wconf 82' lang='lat' dir='ltr'>Cancellaria</span> <span class='ocrx_word' id='word_1_285' title='bbox 780 2337 928 2373; x_wconf 86' lang='lat' dir='ltr'>nostra</span> <span class='ocrx_word' id='word_1_286' title='bbox 950 2334 1064 2373; x_wconf 87' lang='lat' dir='ltr'>inter</span> <span class='ocrx_word' id='word_1_287' title='bbox 1085 2347 1163 2373; x_wconf 88' lang='lat' dir='ltr'>nos</span> <span class='ocrx_word' id='word_1_288' title='bbox 1189 2337 1233 2373; x_wconf 89' lang='lat' dir='ltr'>et</span> <span class='ocrx_word' id='word_1_289' title='bbox 1265 2333 1501 2373; x_wconf 87' lang='lat' dir='ltr'>Robertum</span> <span class='ocrx_word' id='word_1_290' title='bbox 1532 2332 1584 2373; x_wconf 92' lang='lat' dir='ltr'>de</span> <span class='ocrx_word' id='word_1_291' title='bbox 1618 2332 1817 2386; x_wconf 87' lang='lat' dir='ltr'>Otteleye</span> 
     </span>
     <span class='ocr_line' id='line_1_48' title="bbox 290 2396 1818 2452; baseline -0.001 -14"><span class='ocrx_word' id='word_1_292' title='bbox 290 2398 546 2452; x_wconf 88' lang='lat' dir='ltr'>possessioni</span> <span class='ocrx_word' id='word_1_293' title='bbox 578 2397 803 2450; x_wconf 84' lang='lat' dir='ltr'>hospitalis</span> <span class='ocrx_word' id='word_1_294' title='bbox 836 2397 981 2437; x_wconf 77' lang='lat' dir='ltr'>Sancti</span> <span class='ocrx_word' id='word_1_295' title='bbox 1014 2396 1225 2437; x_wconf 83' lang='lat' dir='ltr'>Johannis</span> <span class='ocrx_word' id='word_1_296' title='bbox 1248 2397 1400 2450; x_wconf 87' lang='lat' dir='ltr'>Ripon’</span> <span class='ocrx_word' id='word_1_297' title='bbox 1430 2397 1624 2436; x_wconf 86' lang='lat' dir='ltr'>indebite</span> <span class='ocrx_word' id='word_1_298' title='bbox 1649 2397 1818 2436; x_wconf 86' lang='lat' dir='ltr'>incum-</span> 
     </span>
     <span class='ocr_line' id='line_1_49' title="bbox 290 2458 1818 2513; baseline -0.003 -11"><span class='ocrx_word' id='word_1_299' title='bbox 290 2463 482 2510; x_wconf 89' lang='lat' dir='ltr'>bentem,</span> <span class='ocrx_word' id='word_1_300' title='bbox 499 2464 550 2499; x_wconf 90' lang='lat' dir='ltr'>ut</span> <span class='ocrx_word' id='word_1_301' title='bbox 572 2461 747 2509; x_wconf 68' lang='lat' dir='ltr'>dicitur,</span> <span class='ocrx_word' id='word_1_302' title='bbox 769 2460 822 2500; x_wconf 86' lang='lat' dir='ltr'>de</span> <span class='ocrx_word' id='word_1_303' title='bbox 845 2474 894 2499; x_wconf 91' lang='lat' dir='ltr'>eo</span> <span class='ocrx_word' id='word_1_304' title='bbox 916 2460 1028 2513; x_wconf 89' lang='lat' dir='ltr'>quod</span> <span class='ocrx_word' id='word_1_305' title='bbox 1051 2460 1164 2499; x_wconf 87' lang='lat' dir='ltr'>idem</span> <span class='ocrx_word' id='word_1_306' title='bbox 1188 2460 1398 2500; x_wconf 87' lang='lat' dir='ltr'>Robertus</span> <span class='ocrx_word' id='word_1_307' title='bbox 1420 2460 1631 2509; x_wconf 85' lang='lat' dir='ltr'>ostendat,</span> <span class='ocrx_word' id='word_1_308' title='bbox 1655 2459 1689 2498; x_wconf 91' lang='lat' dir='ltr'>si</span> <span class='ocrx_word' id='word_1_309' title='bbox 1714 2458 1818 2511; x_wconf 88' lang='lat' dir='ltr'>quid</span> 
     </span>
     <span class='ocr_line' id='line_1_50' title="bbox 292 2522 1818 2579; baseline -0.003 -14"><span class='ocrx_word' id='word_1_310' title='bbox 292 2540 367 2579; x_wconf 90' lang='lat' dir='ltr'>pro</span> <span class='ocrx_word' id='word_1_311' title='bbox 400 2539 442 2564; x_wconf 87' lang='lat' dir='ltr'>se</span> <span class='ocrx_word' id='word_1_312' title='bbox 476 2523 630 2563; x_wconf 84' lang='lat' dir='ltr'>habeat</span> <span class='ocrx_word' id='word_1_313' title='bbox 660 2523 727 2563; x_wconf 88' lang='lat' dir='ltr'>vel</span> <span class='ocrx_word' id='word_1_314' title='bbox 758 2524 897 2563; x_wconf 90' lang='lat' dir='ltr'>dicere</span> <span class='ocrx_word' id='word_1_315' title='bbox 930 2525 1049 2574; x_wconf 85' lang='lat' dir='ltr'>sciat,</span> <span class='ocrx_word' id='word_1_316' title='bbox 1082 2537 1213 2577; x_wconf 84' lang='lat' dir='ltr'>quare</span> <span class='ocrx_word' id='word_1_317' title='bbox 1244 2538 1268 2563; x_wconf 88' lang='lat' dir='ltr'>a</span> <span class='ocrx_word' id='word_1_318' title='bbox 1298 2524 1560 2577; x_wconf 83' lang='lat' dir='ltr'>possessione</span> <span class='ocrx_word' id='word_1_319' title='bbox 1596 2522 1818 2575; x_wconf 80' lang='lat' dir='ltr'>hospitalis</span> 
     </span>
     <span class='ocr_line' id='line_1_51' title="bbox 292 2585 1818 2643; baseline -0.003 -15"><span class='ocrx_word' id='word_1_320' title='bbox 292 2589 486 2643; x_wconf 83' lang='lat' dir='ltr'>praedicti</span> <span class='ocrx_word' id='word_1_321' title='bbox 517 2587 720 2637; x_wconf 86' lang='lat' dir='ltr'>amoveri,</span> <span class='ocrx_word' id='word_1_322' title='bbox 751 2590 795 2626; x_wconf 89' lang='lat' dir='ltr'>et</span> <span class='ocrx_word' id='word_1_323' title='bbox 827 2587 965 2626; x_wconf 82' lang='lat' dir='ltr'>David</span> <span class='ocrx_word' id='word_1_324' title='bbox 990 2588 1043 2627; x_wconf 88' lang='lat' dir='ltr'>de</span> <span class='ocrx_word' id='word_1_325' title='bbox 1065 2587 1282 2627; x_wconf 76' lang='lat' dir='ltr'>Wolloure</span> <span class='ocrx_word' id='word_1_326' title='bbox 1303 2587 1494 2637; x_wconf 87' lang='lat' dir='ltr'>clericus,</span> <span class='ocrx_word' id='word_1_327' title='bbox 1516 2586 1586 2626; x_wconf 90' lang='lat' dir='ltr'>cui</span> <span class='ocrx_word' id='word_1_328' title='bbox 1607 2585 1818 2639; x_wconf 85' lang='lat' dir='ltr'>hospitale</span> 
     </span>
     <span class='ocr_line' id='line_1_52' title="bbox 293 2650 1819 2705; baseline -0.002 -14"><span class='ocrx_word' id='word_1_329' title='bbox 293 2652 545 2705; x_wconf 62' lang='lat' dir='ltr'>praedictum</span> <span class='ocrx_word' id='word_1_330' title='bbox 563 2664 638 2703; x_wconf 88' lang='lat' dir='ltr'>per</span> <span class='ocrx_word' id='word_1_331' title='bbox 658 2650 804 2689; x_wconf 88' lang='lat' dir='ltr'>literas</span> <span class='ocrx_word' id='word_1_332' title='bbox 827 2653 992 2689; x_wconf 85' lang='lat' dir='ltr'>nostras</span> <span class='ocrx_word' id='word_1_333' title='bbox 1015 2654 1211 2703; x_wconf 87' lang='lat' dir='ltr'>patentes</span> <span class='ocrx_word' id='word_1_334' title='bbox 1235 2651 1432 2691; x_wconf 88' lang='lat' dir='ltr'>dedimus</span> <span class='ocrx_word' id='word_1_335' title='bbox 1456 2653 1500 2690; x_wconf 91' lang='lat' dir='ltr'>et</span> <span class='ocrx_word' id='word_1_336' title='bbox 1520 2650 1819 2699; x_wconf 83' lang='lat' dir='ltr'>concessimus,</span> 
     </span>
    </p>
   </div>
   <div class='ocr_carea' id='block_1_12' title="bbox 294 2752 1816 2954">
    <p class='ocr_par' dir='ltr' id='par_1_13' title="bbox 294 2752 1816 2851">
     <span class='ocr_line' id='line_1_53' title="bbox 367 2752 1816 2799; baseline 0 -13"><span class='ocrx_word' id='word_1_337' title='bbox 367 2755 423 2797; x_wconf 73' lang='grc'>(1)</span> <span class='ocrx_word' id='word_1_338' title='bbox 450 2753 614 2795; x_wconf 73' lang='lat' dir='ltr'>Dugclale</span> <span class='ocrx_word' id='word_1_339' title='bbox 640 2753 704 2786; x_wconf 82' lang='lat' dir='ltr'>has</span> <span class='ocrx_word' id='word_1_340' title='bbox 730 2752 855 2786; x_wconf 78' lang='lat' dir='ltr'>‘fratri</span> <span class='ocrx_word' id='word_1_341' title='bbox 871 2753 899 2791; x_wconf 73' lang='grc' dir='ltr'>’ς</span> <span class='ocrx_word' id='word_1_342' title='bbox 926 2753 988 2787; x_wconf 87' lang='lat' dir='ltr'>the</span> <span class='ocrx_word' id='word_1_343' title='bbox 1014 2753 1090 2788; x_wconf 82' lang='lat' dir='ltr'>MS.</span> <span class='ocrx_word' id='word_1_344' title='bbox 1118 2753 1290 2799; x_wconf 76' lang='lat' dir='ltr'>probably</span> <span class='ocrx_word' id='word_1_345' title='bbox 1315 2754 1385 2788; x_wconf 81' lang='lat' dir='ltr'>had</span> <span class='ocrx_word' id='word_1_346' title='bbox 1412 2753 1499 2787; x_wconf 59' lang='lat' dir='ltr'>‘fris</span> <span class='ocrx_word' id='word_1_347' title='bbox 1548 2753 1613 2788; x_wconf 82' lang='lat' dir='ltr'>See</span> <span class='ocrx_word' id='word_1_348' title='bbox 1637 2753 1716 2797; x_wconf 72' lang='lat' dir='ltr'>Req.</span> <span class='ocrx_word' id='word_1_349' title='bbox 1739 2752 1816 2787; x_wconf 78' lang='lat' dir='ltr'>Pac.</span> 
     </span>
     <span class='ocr_line' id='line_1_54' title="bbox 294 2805 1272 2851; baseline -0.001 -11"><span class='ocrx_word' id='word_1_350' title='bbox 294 2808 459 2840; x_wconf 72' lang='lat' dir='ltr'>Dunelm.</span> <span class='ocrx_word' id='word_1_351' title='bbox 482 2806 600 2847; x_wconf 82' lang='lat' dir='ltr'>(Rolls</span> <span class='ocrx_word' id='word_1_352' title='bbox 619 2805 764 2847; x_wconf 69' lang='lat' dir='ltr'>Series),</span> <span class='ocrx_word' id='word_1_353' title='bbox 782 2805 861 2838; x_wconf 84' lang='lat' dir='ltr'>Vol.</span> <span class='ocrx_word' id='word_1_354' title='bbox 882 2805 961 2846; x_wconf 65' lang='lat' dir='ltr'>IV„</span> <span class='ocrx_word' id='word_1_355' title='bbox 979 2805 1073 2839; x_wconf 75' lang='lat' dir='ltr'>Pref.</span> <span class='ocrx_word' id='word_1_356' title='bbox 1093 2818 1125 2851; x_wconf 92' lang='lat' dir='ltr'>p.</span> <span class='ocrx_word' id='word_1_357' title='bbox 1146 2806 1220 2840; x_wconf 82' lang='lat' dir='ltr'>xiii.</span> <span class='ocrx_word' id='word_1_358' title='bbox 1240 2818 1272 2839; x_wconf 82' lang='lat' dir='ltr'>n.</span> 
     </span>
    </p>

    <p class='ocr_par' dir='ltr' id='par_1_14' title="bbox 294 2855 1814 2954">
     <span class='ocr_line' id='line_1_55' title="bbox 367 2855 1814 2901; baseline 0 -11"><span class='ocrx_word' id='word_1_359' title='bbox 367 2859 421 2901; x_wconf 71' lang='lat'>(2)</span> <span class='ocrx_word' id='word_1_360' title='bbox 450 2857 522 2890; x_wconf 82' lang='lat' dir='ltr'>Not</span> <span class='ocrx_word' id='word_1_361' title='bbox 549 2857 700 2891; x_wconf 71' lang='lat' dir='ltr'>collated</span> <span class='ocrx_word' id='word_1_362' title='bbox 731 2857 820 2890; x_wconf 80' lang='lat' dir='ltr'>with</span> <span class='ocrx_word' id='word_1_363' title='bbox 852 2857 913 2890; x_wconf 84' lang='lat' dir='ltr'>the</span> <span class='ocrx_word' id='word_1_364' title='bbox 943 2856 1093 2901; x_wconf 83' lang='lat' dir='ltr'>original</span> <span class='ocrx_word' id='word_1_365' title='bbox 1122 2858 1210 2899; x_wconf 65' lang='lat' dir='ltr'>MS„</span> <span class='ocrx_word' id='word_1_366' title='bbox 1237 2858 1358 2892; x_wconf 87' lang='lat' dir='ltr'>which</span> <span class='ocrx_word' id='word_1_367' title='bbox 1386 2858 1449 2891; x_wconf 80' lang='lat' dir='ltr'>has</span> <span class='ocrx_word' id='word_1_368' title='bbox 1478 2861 1541 2891; x_wconf 84' lang='lat' dir='ltr'>not</span> <span class='ocrx_word' id='word_1_369' title='bbox 1574 2856 1661 2891; x_wconf 85' lang='lat' dir='ltr'>been</span> <span class='ocrx_word' id='word_1_370' title='bbox 1694 2855 1814 2890; x_wconf 80' lang='lat' dir='ltr'>found.</span> 
     </span>
     <span class='ocr_line' id='line_1_56' title="bbox 294 2908 1428 2954; baseline 0.001 -11"><span class='ocrx_word' id='word_1_371' title='bbox 294 2909 406 2943; x_wconf 73' lang='lat' dir='ltr'>There</span> <span class='ocrx_word' id='word_1_372' title='bbox 426 2921 482 2943; x_wconf 66' lang='lat' dir='ltr'>are</span> <span class='ocrx_word' id='word_1_373' title='bbox 501 2921 594 2943; x_wconf 71' lang='lat' dir='ltr'>some</span> <span class='ocrx_word' id='word_1_374' title='bbox 614 2913 714 2942; x_wconf 73' lang='lat' dir='ltr'>notes</span> <span class='ocrx_word' id='word_1_375' title='bbox 732 2909 821 2943; x_wconf 87' lang='lat' dir='ltr'>from</span> <span class='ocrx_word' id='word_1_376' title='bbox 840 2909 867 2943; x_wconf 85' lang='lat' dir='ltr'>it</span> <span class='ocrx_word' id='word_1_377' title='bbox 886 2908 920 2942; x_wconf 84' lang='lat' dir='ltr'>in</span> <span class='ocrx_word' id='word_1_378' title='bbox 939 2909 1070 2943; x_wconf 76' lang='lat' dir='ltr'>Torre’s</span> <span class='ocrx_word' id='word_1_379' title='bbox 1088 2909 1164 2945; x_wconf 83' lang='lat' dir='ltr'>MS.</span> <span class='ocrx_word' id='word_1_380' title='bbox 1216 2910 1314 2944; x_wconf 64' lang='lat' dir='ltr'>MA.</span> <span class='ocrx_word' id='word_1_381' title='bbox 1337 2911 1428 2954; x_wconf 75' lang='lat'>(89).</span> 
     </span>
    </p>
   </div>
  </div>
 </body>
</html>
