<?xml version="1.0" encoding="UTF-8"?>
<!DOCTYPE html PUBLIC "-//W3C//DTD XHTML 1.0 Transitional//EN"
    "http://www.w3.org/TR/xhtml1/DTD/xhtml1-transitional.dtd">
<html xmlns="http://www.w3.org/1999/xhtml" xml:lang="en" lang="en">
 <head>
  <title>
</title>
<meta http-equiv="Content-Type" content="text/html;charset=utf-8" />
  <meta name='ocr-system' content='tesseract 3.04.00' />
  <meta name='ocr-capabilities' content='ocr_page ocr_carea ocr_par ocr_line ocrx_word'/>
</head>
<body>
  <div class='ocr_page' id='page_1' title='image "./memorialsofchurc01fowl/memorialsofchurc01fowl_0169.png"; bbox 0 0 1955 3068; ppageno 0'>
   <div class='ocr_carea' id='block_1_1' title="bbox 602 158 1152 193">
    <p class='ocr_par' dir='ltr' id='par_1_1' title="bbox 602 158 1152 193">
     <span class='ocr_line' id='line_1_1' title="bbox 602 158 1152 193; baseline -0.002 -1"><span class='ocrx_word' id='word_1_1' title='bbox 602 159 828 193; x_wconf 79' lang='lat' dir='ltr'>ORIGINAL</span> <span class='ocrx_word' id='word_1_2' title='bbox 865 158 1152 193; x_wconf 58' lang='lat' dir='ltr'><strong>DOCUMENTS.</strong></span> 
     </span>
    </p>
   </div>
   <div class='ocr_carea' id='block_1_2' title="bbox 117 271 1661 1098">
    <p class='ocr_par' dir='ltr' id='par_1_2' title="bbox 117 271 1660 905">
     <span class='ocr_line' id='line_1_2' title="bbox 117 271 1650 328; baseline -0.004 -13"><span class='ocrx_word' id='word_1_3' title='bbox 117 275 259 315; x_wconf 90' lang='lat' dir='ltr'>ditum</span> <span class='ocrx_word' id='word_1_4' title='bbox 282 277 376 314; x_wconf 91' lang='lat' dir='ltr'>octo</span> <span class='ocrx_word' id='word_1_5' title='bbox 398 273 628 314; x_wconf 90' lang='lat' dir='ltr'>solidorum</span> <span class='ocrx_word' id='word_1_6' title='bbox 650 274 851 328; x_wconf 66' lang='lat' dir='ltr'>praedicto</span> <span class='ocrx_word' id='word_1_7' title='bbox 873 273 1077 322; x_wconf 78' lang='lat' dir='ltr'>Waltero,</span> <span class='ocrx_word' id='word_1_8' title='bbox 1100 271 1340 313; x_wconf 74' lang='lat' dir='ltr'>haeredibus</span> <span class='ocrx_word' id='word_1_9' title='bbox 1355 276 1397 312; x_wconf 90' lang='lat' dir='ltr'>et</span> <span class='ocrx_word' id='word_1_10' title='bbox 1422 271 1650 325; x_wconf 70' lang='lat' dir='ltr'>assignatis</span> 
     </span>
     <span class='ocr_line' id='line_1_3' title="bbox 118 337 1652 389; baseline -0.003 -10"><span class='ocrx_word' id='word_1_11' title='bbox 118 340 222 389; x_wconf 80' lang='lat' dir='ltr'>suis,</span> <span class='ocrx_word' id='word_1_12' title='bbox 246 339 442 379; x_wconf 86' lang='lat' dir='ltr'>videlicet</span> <span class='ocrx_word' id='word_1_13' title='bbox 466 339 518 378; x_wconf 82' lang='lat' dir='ltr'>ad</span> <span class='ocrx_word' id='word_1_14' title='bbox 541 338 650 378; x_wconf 82' lang='lat' dir='ltr'>festa</span> <span class='ocrx_word' id='word_1_15' title='bbox 671 338 948 378; x_wconf 84' lang='lat' dir='ltr'>Pentecostes</span> <span class='ocrx_word' id='word_1_16' title='bbox 970 341 1017 376; x_wconf 78' lang='lat' dir='ltr'>et</span> <span class='ocrx_word' id='word_1_17' title='bbox 1048 338 1195 377; x_wconf 87' lang='lat' dir='ltr'>Sancti</span> <span class='ocrx_word' id='word_1_18' title='bbox 1226 337 1406 377; x_wconf 84' lang='lat' dir='ltr'>Martini</span> <span class='ocrx_word' id='word_1_19' title='bbox 1437 337 1481 375; x_wconf 94' lang='lat' dir='ltr'>in</span> <span class='ocrx_word' id='word_1_20' title='bbox 1513 348 1652 388; x_wconf 84' lang='lat' dir='ltr'>yeme,</span> 
     </span>
     <span class='ocr_line' id='line_1_4' title="bbox 119 401 1652 456; baseline -0.003 -13"><span class='ocrx_word' id='word_1_21' title='bbox 119 417 196 456; x_wconf 89' lang='lat' dir='ltr'>per</span> <span class='ocrx_word' id='word_1_22' title='bbox 226 403 410 456; x_wconf 72' lang='lat' dir='ltr'>aequales</span> <span class='ocrx_word' id='word_1_23' title='bbox 433 403 667 456; x_wconf 81' lang='lat' dir='ltr'>porciones,</span> <span class='ocrx_word' id='word_1_24' title='bbox 688 403 741 442; x_wconf 89' lang='lat' dir='ltr'>de</span> <span class='ocrx_word' id='word_1_25' title='bbox 765 402 978 455; x_wconf 78' lang='lat' dir='ltr'>praedictis</span> <span class='ocrx_word' id='word_1_26' title='bbox 1001 404 1251 441; x_wconf 70' lang='lat' dir='ltr'>tenemento</span> <span class='ocrx_word' id='word_1_27' title='bbox 1273 404 1318 441; x_wconf 81' lang='lat' dir='ltr'>et</span> <span class='ocrx_word' id='word_1_28' title='bbox 1339 401 1492 440; x_wconf 87' lang='lat' dir='ltr'>bovata</span> <span class='ocrx_word' id='word_1_29' title='bbox 1515 404 1652 438; x_wconf 83' lang='lat' dir='ltr'>terrae.</span> 
     </span>
     <span class='ocr_line' id='line_1_5' title="bbox 121 463 1654 522; baseline -0.003 -15"><span class='ocrx_word' id='word_1_30' title='bbox 121 468 174 507; x_wconf 91' lang='lat' dir='ltr'>Et</span> <span class='ocrx_word' id='word_1_31' title='bbox 200 481 280 522; x_wconf 89' lang='lat' dir='ltr'>ego</span> <span class='ocrx_word' id='word_1_32' title='bbox 303 481 400 507; x_wconf 88' lang='lat' dir='ltr'>vero</span> <span class='ocrx_word' id='word_1_33' title='bbox 422 467 653 520; x_wconf 86' lang='lat' dir='ltr'>praedictus</span> <span class='ocrx_word' id='word_1_34' title='bbox 674 467 700 507; x_wconf 83' lang='lat' dir='ltr'>J</span> <span class='ocrx_word' id='word_1_35' title='bbox 704 465 894 507; x_wconf 81' lang='lat' dir='ltr'>ohannes</span> <span class='ocrx_word' id='word_1_36' title='bbox 920 466 1103 516; x_wconf 80' lang='lat' dir='ltr'><strong>Hubert,</strong></span> <span class='ocrx_word' id='word_1_37' title='bbox 1126 465 1385 519; x_wconf 81' lang='lat' dir='ltr'>capellanus,</span> <span class='ocrx_word' id='word_1_38' title='bbox 1400 469 1444 505; x_wconf 78' lang='lat' dir='ltr'>et</span> <span class='ocrx_word' id='word_1_39' title='bbox 1466 463 1654 504; x_wconf 80' lang='lat' dir='ltr'>haeredes</span> 
     </span>
     <span class='ocr_line' id='line_1_6' title="bbox 121 528 1656 584; baseline -0.002 -14"><span class='ocrx_word' id='word_1_40' title='bbox 121 532 223 581; x_wconf 90' lang='lat' dir='ltr'>mei,</span> <span class='ocrx_word' id='word_1_41' title='bbox 259 531 515 584; x_wconf 58' lang='lat' dir='ltr'>praedictum</span> <span class='ocrx_word' id='word_1_42' title='bbox 547 544 741 570; x_wconf 90' lang='lat' dir='ltr'>annuum</span> <span class='ocrx_word' id='word_1_43' title='bbox 783 530 1002 570; x_wconf 89' lang='lat' dir='ltr'>redditum</span> <span class='ocrx_word' id='word_1_44' title='bbox 1044 533 1139 569; x_wconf 83' lang='lat' dir='ltr'>octo</span> <span class='ocrx_word' id='word_1_45' title='bbox 1181 530 1412 569; x_wconf 89' lang='lat' dir='ltr'>solidorum</span> <span class='ocrx_word' id='word_1_46' title='bbox 1453 528 1656 581; x_wconf 78' lang='lat' dir='ltr'>praedicto</span> 
     </span>
     <span class='ocr_line' id='line_1_7' title="bbox 121 591 1656 648; baseline -0.003 -13"><span class='ocrx_word' id='word_1_47' title='bbox 121 595 325 644; x_wconf 77' lang='lat' dir='ltr'>waltero,</span> <span class='ocrx_word' id='word_1_48' title='bbox 357 593 611 645; x_wconf 79' lang='lat' dir='ltr'>haeredibus,</span> <span class='ocrx_word' id='word_1_49' title='bbox 636 599 679 634; x_wconf 83' lang='lat' dir='ltr'>et</span> <span class='ocrx_word' id='word_1_50' title='bbox 710 594 937 648; x_wconf 82' lang='lat' dir='ltr'>assignatis</span> <span class='ocrx_word' id='word_1_51' title='bbox 971 594 1072 642; x_wconf 66' lang='lat' dir='ltr'>suis,</span> <span class='ocrx_word' id='word_1_52' title='bbox 1103 598 1250 633; x_wconf 88' lang='lat' dir='ltr'>contra</span> <span class='ocrx_word' id='word_1_53' title='bbox 1281 606 1428 633; x_wconf 90' lang='lat' dir='ltr'>omnes</span> <span class='ocrx_word' id='word_1_54' title='bbox 1460 591 1656 632; x_wconf 83' lang='lat' dir='ltr'>homines</span> 
     </span>
     <span class='ocr_line' id='line_1_8' title="bbox 122 657 1657 712; baseline -0.003 -14"><span class='ocrx_word' id='word_1_55' title='bbox 122 658 492 699; x_wconf 78' lang='lat' dir='ltr'>warantizabimus</span> <span class='ocrx_word' id='word_1_56' title='bbox 524 659 861 712; x_wconf 78' lang='lat' dir='ltr'>imperpetuum.</span> <span class='ocrx_word' id='word_1_57' title='bbox 926 658 977 697; x_wconf 84' lang='lat' dir='ltr'>In</span> <span class='ocrx_word' id='word_1_58' title='bbox 999 657 1122 711; x_wconf 90' lang='lat' dir='ltr'>cujus</span> <span class='ocrx_word' id='word_1_59' title='bbox 1144 658 1207 697; x_wconf 88' lang='lat' dir='ltr'>rei</span> <span class='ocrx_word' id='word_1_60' title='bbox 1228 657 1527 697; x_wconf 89' lang='lat' dir='ltr'>testimonium</span> <span class='ocrx_word' id='word_1_61' title='bbox 1549 668 1657 708; x_wconf 83' lang='lat' dir='ltr'>prae-</span> 
     </span>
     <span class='ocr_line' id='line_1_9' title="bbox 125 718 1657 777; baseline -0.003 -15"><span class='ocrx_word' id='word_1_62' title='bbox 125 724 239 763; x_wconf 87' lang='lat' dir='ltr'>senti</span> <span class='ocrx_word' id='word_1_63' title='bbox 270 727 396 762; x_wconf 75' lang='lat' dir='ltr'>cartae</span> <span class='ocrx_word' id='word_1_64' title='bbox 430 723 622 777; x_wconf 88' lang='lat' dir='ltr'>sigillum</span> <span class='ocrx_word' id='word_1_65' title='bbox 654 736 799 762; x_wconf 92' lang='lat' dir='ltr'>meum</span> <span class='ocrx_word' id='word_1_66' title='bbox 831 723 1022 776; x_wconf 85' lang='lat' dir='ltr'>apposui.</span> <span class='ocrx_word' id='word_1_67' title='bbox 1085 722 1182 762; x_wconf 92' lang='lat' dir='ltr'>Hiis</span> <span class='ocrx_word' id='word_1_68' title='bbox 1215 721 1427 769; x_wconf 80' lang='lat' dir='ltr'>testibus3</span> <span class='ocrx_word' id='word_1_69' title='bbox 1460 718 1657 761; x_wconf 86' lang='lat' dir='ltr'>Johanne</span> 
     </span>
     <span class='ocr_line' id='line_1_10' title="bbox 123 784 1660 841; baseline -0.003 -14"><span class='ocrx_word' id='word_1_70' title='bbox 123 788 176 827; x_wconf 89' lang='lat' dir='ltr'>de</span> <span class='ocrx_word' id='word_1_71' title='bbox 219 787 469 840; x_wconf 87' lang='lat' dir='ltr'>Braydeley,</span> <span class='ocrx_word' id='word_1_72' title='bbox 501 786 697 827; x_wconf 82' lang='lat' dir='ltr'>Johanne</span> <span class='ocrx_word' id='word_1_73' title='bbox 731 787 921 841; x_wconf 87' lang='lat' dir='ltr'>Gyliote,</span> <span class='ocrx_word' id='word_1_74' title='bbox 952 786 1149 828; x_wconf 72' lang='lat' dir='ltr'>,Iohanne</span> <span class='ocrx_word' id='word_1_75' title='bbox 1181 787 1234 827; x_wconf 89' lang='lat' dir='ltr'>de</span> <span class='ocrx_word' id='word_1_76' title='bbox 1267 785 1435 839; x_wconf 81' lang='lat' dir='ltr'>Clynte‚</span> <span class='ocrx_word' id='word_1_77' title='bbox 1473 784 1660 825; x_wconf 83' lang='lat' dir='ltr'>Roberto</span> 
     </span>
     <span class='ocr_line' id='line_1_11' title="bbox 123 850 921 905; baseline 0.001 -14"><span class='ocrx_word' id='word_1_78' title='bbox 123 852 340 905; x_wconf 87' lang='lat' dir='ltr'>Turpyne,</span> <span class='ocrx_word' id='word_1_79' title='bbox 362 852 389 892; x_wconf 89' lang='lat' dir='ltr'>J</span> <span class='ocrx_word' id='word_1_80' title='bbox 393 850 558 891; x_wconf 85' lang='lat' dir='ltr'>ohanne</span> <span class='ocrx_word' id='word_1_81' title='bbox 582 852 725 902; x_wconf 88' lang='lat' dir='ltr'>Frere,</span> <span class='ocrx_word' id='word_1_82' title='bbox 748 856 792 891; x_wconf 79' lang='lat' dir='ltr'>et</span> <span class='ocrx_word' id='word_1_83' title='bbox 813 851 921 892; x_wconf 84' lang='lat' dir='ltr'>aliis.</span> 
     </span>
    </p>

    <p class='ocr_par' dir='ltr' id='par_1_3' title="bbox 124 913 1661 1098">
     <span class='ocr_line' id='line_1_12' title="bbox 214 913 1661 968; baseline -0.002 -13"><span class='ocrx_word' id='word_1_84' title='bbox 214 917 311 956; x_wconf 81' lang='lat' dir='ltr'>Dat.</span> <span class='ocrx_word' id='word_1_85' title='bbox 353 916 467 968; x_wconf 91' lang='lat' dir='ltr'>apud</span> <span class='ocrx_word' id='word_1_86' title='bbox 509 914 757 966; x_wconf 83' lang='lat' dir='ltr'>Thornton&#39;,</span> <span class='ocrx_word' id='word_1_87' title='bbox 805 916 875 956; x_wconf 91' lang='lat' dir='ltr'>die</span> <span class='ocrx_word' id='word_1_88' title='bbox 920 916 1143 955; x_wconf 87' lang='lat' dir='ltr'>Dominica</span> <span class='ocrx_word' id='word_1_89' title='bbox 1188 929 1304 968; x_wconf 81' lang='lat' dir='ltr'>prox.</span> <span class='ocrx_word' id='word_1_90' title='bbox 1352 918 1453 953; x_wconf 84' lang='lat' dir='ltr'>ante</span> <span class='ocrx_word' id='word_1_91' title='bbox 1500 913 1661 953; x_wconf 84' lang='lat' dir='ltr'>festum</span> 
     </span>
     <span class='ocr_line' id='line_1_13' title="bbox 124 978 1659 1029; baseline -0.002 -10"><span class='ocrx_word' id='word_1_92' title='bbox 124 980 436 1020; x_wconf 82' lang='lat' dir='ltr'>Translacionis</span> <span class='ocrx_word' id='word_1_93' title='bbox 469 979 615 1019; x_wconf 83' lang='lat' dir='ltr'>Sancti</span> <span class='ocrx_word' id='word_1_94' title='bbox 647 978 836 1029; x_wconf 81' lang='lat' dir='ltr'>Thoniae,</span> <span class='ocrx_word' id='word_1_95' title='bbox 859 980 983 1019; x_wconf 89' lang='lat' dir='ltr'>Anno</span> <span class='ocrx_word' id='word_1_96' title='bbox 1015 980 1190 1019; x_wconf 86' lang='lat' dir='ltr'>Domini</span> <span class='ocrx_word' id='word_1_97' title='bbox 1222 979 1458 1019; x_wconf 85' lang='lat' dir='ltr'>Millesimo</span> <span class='ocrx_word' id='word_1_98' title='bbox 1489 982 1659 1017; x_wconf 84' lang='lat' dir='ltr'>trecen-</span> 
     </span>
     <span class='ocr_line' id='line_1_14' title="bbox 126 1043 809 1098; baseline -0.001 -13"><span class='ocrx_word' id='word_1_99' title='bbox 126 1046 281 1085; x_wconf 86' lang='lat' dir='ltr'>tesimo</span> <span class='ocrx_word' id='word_1_100' title='bbox 302 1043 628 1098; x_wconf 84' lang='lat' dir='ltr'>quadragesimo</span> <span class='ocrx_word' id='word_1_101' title='bbox 649 1047 809 1085; x_wconf 85' lang='lat' dir='ltr'>octavo.</span> 
     </span>
    </p>
   </div>
   <div class='ocr_carea' id='block_1_3' title="bbox 807 1168 984 1213">
    <p class='ocr_par' dir='ltr' id='par_1_4' title="bbox 807 1168 984 1213">
     <span class='ocr_line' id='line_1_15' title="bbox 807 1168 984 1213; baseline 0 -11"><span class='ocrx_word' id='word_1_102' title='bbox 807 1168 984 1213; x_wconf 78' lang='lat' dir='ltr'><strong>(LXIII.)</strong></span> 
     </span>
    </p>
   </div>
   <div class='ocr_carea' id='block_1_4' title="bbox 128 1250 1671 2587">
    <p class='ocr_par' dir='ltr' id='par_1_5' title="bbox 128 1250 1671 2522">
     <span class='ocr_line' id='line_1_16' title="bbox 219 1250 1664 1306; baseline -0.001 -13"><span class='ocrx_word' id='word_1_103' title='bbox 219 1252 429 1293; x_wconf 88' lang='lat' dir='ltr'>Omnibus</span> <span class='ocrx_word' id='word_1_104' title='bbox 451 1250 609 1293; x_wconf 77' lang='lat' dir='ltr'>Christi</span> <span class='ocrx_word' id='word_1_105' title='bbox 631 1251 830 1292; x_wconf 84' lang='lat' dir='ltr'>fidelibus</span> <span class='ocrx_word' id='word_1_106' title='bbox 852 1251 930 1292; x_wconf 91' lang='lat' dir='ltr'>hoc</span> <span class='ocrx_word' id='word_1_107' title='bbox 954 1253 1160 1306; x_wconf 88' lang='lat' dir='ltr'>scriptum</span> <span class='ocrx_word' id='word_1_108' title='bbox 1182 1252 1337 1292; x_wconf 73' lang='lat' dir='ltr'>w&#39;suris</span> <span class='ocrx_word' id='word_1_109' title='bbox 1355 1251 1421 1292; x_wconf 86' lang='lat' dir='ltr'>vel</span> <span class='ocrx_word' id='word_1_110' title='bbox 1439 1252 1664 1291; x_wconf 62' lang='lat' dir='ltr'>audituris</span> 
     </span>
     <span class='ocr_line' id='line_1_17' title="bbox 128 1316 1666 1369; baseline -0.002 -11"><span class='ocrx_word' id='word_1_111' title='bbox 128 1318 156 1359; x_wconf 87' lang='lat' dir='ltr'><strong>J</strong></span> <span class='ocrx_word' id='word_1_112' title='bbox 159 1316 348 1357; x_wconf 85' lang='lat' dir='ltr'>ohannes</span> <span class='ocrx_word' id='word_1_113' title='bbox 370 1316 557 1367; x_wconf 86' lang='lat' dir='ltr'>Hubert,</span> <span class='ocrx_word' id='word_1_114' title='bbox 571 1316 831 1369; x_wconf 83' lang='lat' dir='ltr'>capellanus,</span> <span class='ocrx_word' id='word_1_115' title='bbox 846 1317 961 1356; x_wconf 88' lang='lat' dir='ltr'>filius</span> <span class='ocrx_word' id='word_1_116' title='bbox 978 1317 1019 1356; x_wconf 89' lang='lat' dir='ltr'>N</span> <span class='ocrx_word' id='word_1_117' title='bbox 1022 1316 1177 1357; x_wconf 88' lang='lat' dir='ltr'>icholai</span> <span class='ocrx_word' id='word_1_118' title='bbox 1200 1316 1406 1357; x_wconf 90' lang='lat' dir='ltr'>Huberde</span> <span class='ocrx_word' id='word_1_119' title='bbox 1429 1317 1482 1356; x_wconf 88' lang='lat' dir='ltr'>de</span> <span class='ocrx_word' id='word_1_120' title='bbox 1498 1316 1666 1369; x_wconf 85' lang='lat' dir='ltr'>Ripon&#39;,</span> 
     </span>
     <span class='ocr_line' id='line_1_18' title="bbox 130 1379 1666 1431; baseline -0.001 -10"><span class='ocrx_word' id='word_1_121' title='bbox 130 1381 314 1421; x_wconf 86' lang='lat' dir='ltr'>salutem</span> <span class='ocrx_word' id='word_1_122' title='bbox 336 1382 381 1420; x_wconf 91' lang='lat' dir='ltr'>in</span> <span class='ocrx_word' id='word_1_123' title='bbox 404 1380 600 1421; x_wconf 89' lang='lat' dir='ltr'>Domino.</span> <span class='ocrx_word' id='word_1_124' title='bbox 662 1381 880 1420; x_wconf 80' lang='lat' dir='ltr'>Noveritis</span> <span class='ocrx_word' id='word_1_125' title='bbox 911 1395 981 1421; x_wconf 90' lang='lat' dir='ltr'>me</span> <span class='ocrx_word' id='word_1_126' title='bbox 1011 1381 1195 1431; x_wconf 82' lang='lat' dir='ltr'>dedisse,</span> <span class='ocrx_word' id='word_1_127' title='bbox 1217 1382 1488 1430; x_wconf 86' lang='lat' dir='ltr'>concessisse,</span> <span class='ocrx_word' id='word_1_128' title='bbox 1512 1384 1557 1420; x_wconf 75' lang='lat' dir='ltr'>et</span> <span class='ocrx_word' id='word_1_129' title='bbox 1588 1379 1666 1419; x_wconf 88' lang='lat' dir='ltr'>hac</span> 
     </span>
     <span class='ocr_line' id='line_1_19' title="bbox 129 1444 1666 1499; baseline -0.001 -14"><span class='ocrx_word' id='word_1_130' title='bbox 129 1447 331 1499; x_wconf 86' lang='lat' dir='ltr'>praesenti</span> <span class='ocrx_word' id='word_1_131' title='bbox 353 1449 468 1485; x_wconf 89' lang='lat' dir='ltr'>carta</span> <span class='ocrx_word' id='word_1_132' title='bbox 488 1459 584 1485; x_wconf 88' lang='lat' dir='ltr'>mea</span> <span class='ocrx_word' id='word_1_133' title='bbox 604 1445 892 1496; x_wconf 85' lang='lat' dir='ltr'>confirmasse,</span> <span class='ocrx_word' id='word_1_134' title='bbox 914 1446 1106 1485; x_wconf 77' lang='lat' dir='ltr'>Waltero</span> <span class='ocrx_word' id='word_1_135' title='bbox 1129 1445 1274 1486; x_wconf 88' lang='lat' dir='ltr'>Sutori</span> <span class='ocrx_word' id='word_1_136' title='bbox 1296 1446 1348 1485; x_wconf 91' lang='lat' dir='ltr'>de</span> <span class='ocrx_word' id='word_1_137' title='bbox 1371 1445 1411 1485; x_wconf 88' lang='lat' dir='ltr'>le</span> <span class='ocrx_word' id='word_1_138' title='bbox 1430 1444 1666 1490; x_wconf 81' lang='lat' dir='ltr'>Thoruton,</span> 
     </span>
     <span class='ocr_line' id='line_1_20' title="bbox 130 1510 1666 1563; baseline -0.001 -14"><span class='ocrx_word' id='word_1_139' title='bbox 130 1510 360 1563; x_wconf 82' lang='lat' dir='ltr'>quemdam</span> <span class='ocrx_word' id='word_1_140' title='bbox 410 1523 605 1549; x_wconf 88' lang='lat' dir='ltr'>annuum</span> <span class='ocrx_word' id='word_1_141' title='bbox 646 1510 865 1549; x_wconf 88' lang='lat' dir='ltr'>redditum</span> <span class='ocrx_word' id='word_1_142' title='bbox 907 1514 1003 1550; x_wconf 87' lang='lat' dir='ltr'>octo</span> <span class='ocrx_word' id='word_1_143' title='bbox 1045 1510 1293 1560; x_wconf 84' lang='lat' dir='ltr'>solidorum,</span> <span class='ocrx_word' id='word_1_144' title='bbox 1336 1513 1570 1549; x_wconf 82' lang='lat' dir='ltr'>exeuntem</span> <span class='ocrx_word' id='word_1_145' title='bbox 1613 1510 1666 1549; x_wconf 89' lang='lat' dir='ltr'>de</span> 
     </span>
     <span class='ocr_line' id='line_1_21' title="bbox 131 1574 1667 1614; baseline -0.001 -1"><span class='ocrx_word' id='word_1_146' title='bbox 131 1587 218 1613; x_wconf 93' lang='lat' dir='ltr'>uno</span> <span class='ocrx_word' id='word_1_147' title='bbox 250 1578 504 1613; x_wconf 81' lang='lat' dir='ltr'>tenemento</span> <span class='ocrx_word' id='word_1_148' title='bbox 539 1577 584 1613; x_wconf 79' lang='lat' dir='ltr'>et</span> <span class='ocrx_word' id='word_1_149' title='bbox 620 1588 707 1613; x_wconf 87' lang='lat' dir='ltr'>una</span> <span class='ocrx_word' id='word_1_150' title='bbox 739 1574 892 1614; x_wconf 80' lang='lat' dir='ltr'>bovata</span> <span class='ocrx_word' id='word_1_151' title='bbox 925 1578 1050 1614; x_wconf 86' lang='lat' dir='ltr'>terrae</span> <span class='ocrx_word' id='word_1_152' title='bbox 1083 1575 1129 1614; x_wconf 90' lang='lat' dir='ltr'>in</span> <span class='ocrx_word' id='word_1_153' title='bbox 1166 1574 1267 1614; x_wconf 78' lang='lat' dir='ltr'>villa</span> <span class='ocrx_word' id='word_1_154' title='bbox 1292 1578 1335 1613; x_wconf 90' lang='lat' dir='ltr'>et.</span> <span class='ocrx_word' id='word_1_155' title='bbox 1365 1574 1583 1614; x_wconf 86' lang='lat' dir='ltr'>territorio</span> <span class='ocrx_word' id='word_1_156' title='bbox 1614 1574 1667 1613; x_wconf 92' lang='lat' dir='ltr'>de</span> 
     </span>
     <span class='ocr_line' id='line_1_22' title="bbox 131 1637 1668 1691; baseline -0.001 -14"><span class='ocrx_word' id='word_1_157' title='bbox 131 1637 368 1687; x_wconf 83' lang='lat' dir='ltr'>Thoruton,</span> <span class='ocrx_word' id='word_1_158' title='bbox 419 1638 532 1691; x_wconf 90' lang='lat' dir='ltr'>quod</span> <span class='ocrx_word' id='word_1_159' title='bbox 574 1638 750 1691; x_wconf 89' lang='lat' dir='ltr'>quidem</span> <span class='ocrx_word' id='word_1_160' title='bbox 800 1642 1105 1678; x_wconf 83' lang='lat' dir='ltr'>tenementum</span> <span class='ocrx_word' id='word_1_161' title='bbox 1156 1642 1200 1678; x_wconf 81' lang='lat' dir='ltr'>et</span> <span class='ocrx_word' id='word_1_162' title='bbox 1241 1642 1400 1678; x_wconf 86' lang='lat' dir='ltr'>terram</span> <span class='ocrx_word' id='word_1_163' title='bbox 1453 1638 1668 1677; x_wconf 90' lang='lat' dir='ltr'>Henricus</span> 
     </span>
     <span class='ocr_line' id='line_1_23' title="bbox 133 1702 1666 1755; baseline -0.001 -13"><span class='ocrx_word' id='word_1_164' title='bbox 133 1702 335 1742; x_wconf 79' lang='lat' dir='ltr'>Seriaunt</span> <span class='ocrx_word' id='word_1_165' title='bbox 356 1705 481 1741; x_wconf 81' lang='lat' dir='ltr'>tenet</span> <span class='ocrx_word' id='word_1_166' title='bbox 501 1702 547 1740; x_wconf 90' lang='lat' dir='ltr'>in</span> <span class='ocrx_word' id='word_1_167' title='bbox 570 1702 732 1752; x_wconf 85' lang='lat' dir='ltr'>eadem,</span> <span class='ocrx_word' id='word_1_168' title='bbox 755 1715 884 1754; x_wconf 90' lang='lat' dir='ltr'>quem</span> <span class='ocrx_word' id='word_1_169' title='bbox 907 1703 1082 1755; x_wconf 89' lang='lat' dir='ltr'>quidem</span> <span class='ocrx_word' id='word_1_170' title='bbox 1113 1716 1308 1742; x_wconf 86' lang='lat' dir='ltr'>annuum</span> <span class='ocrx_word' id='word_1_171' title='bbox 1331 1702 1550 1742; x_wconf 88' lang='lat' dir='ltr'>redditum</span> <span class='ocrx_word' id='word_1_172' title='bbox 1571 1706 1666 1741; x_wconf 90' lang='lat' dir='ltr'>octo</span> 
     </span>
     <span class='ocr_line' id='line_1_24' title="bbox 133 1764 1667 1806; baseline 0.001 -2"><span class='ocrx_word' id='word_1_173' title='bbox 133 1766 363 1805; x_wconf 87' lang='lat' dir='ltr'>solidorum</span> <span class='ocrx_word' id='word_1_174' title='bbox 396 1764 526 1805; x_wconf 85' lang='lat' dir='ltr'>habui</span> <span class='ocrx_word' id='word_1_175' title='bbox 557 1779 609 1805; x_wconf 81' lang='lat' dir='ltr'>ex</span> <span class='ocrx_word' id='word_1_176' title='bbox 639 1765 750 1805; x_wconf 89' lang='lat' dir='ltr'>dono</span> <span class='ocrx_word' id='word_1_177' title='bbox 782 1769 826 1806; x_wconf 79' lang='lat' dir='ltr'>et</span> <span class='ocrx_word' id='word_1_178' title='bbox 857 1767 1128 1806; x_wconf 88' lang='lat' dir='ltr'>concessione</span> <span class='ocrx_word' id='word_1_179' title='bbox 1161 1765 1371 1806; x_wconf 81' lang='lat' dir='ltr'>Johannis</span> <span class='ocrx_word' id='word_1_180' title='bbox 1403 1766 1583 1805; x_wconf 68' lang='lat' dir='ltr'>VVarner</span> <span class='ocrx_word' id='word_1_181' title='bbox 1613 1766 1667 1805; x_wconf 81' lang='lat' dir='ltr'>de</span> 
     </span>
     <span class='ocr_line' id='line_1_25' title="bbox 134 1828 1667 1884; baseline 0 -15"><span class='ocrx_word' id='word_1_182' title='bbox 134 1829 307 1882; x_wconf 85' lang='lat' dir='ltr'>Coppyd</span> <span class='ocrx_word' id='word_1_183' title='bbox 330 1828 536 1882; x_wconf 84' lang='lat' dir='ltr'>Hewyke.</span> <span class='ocrx_word' id='word_1_184' title='bbox 598 1829 858 1869; x_wconf 77' lang='lat' dir='ltr'>Habendum</span> <span class='ocrx_word' id='word_1_185' title='bbox 881 1835 925 1870; x_wconf 83' lang='lat' dir='ltr'>et</span> <span class='ocrx_word' id='word_1_186' title='bbox 946 1831 1185 1870; x_wconf 89' lang='lat' dir='ltr'>tenendum</span> <span class='ocrx_word' id='word_1_187' title='bbox 1207 1831 1461 1884; x_wconf 78' lang='lat' dir='ltr'>praedictum</span> <span class='ocrx_word' id='word_1_188' title='bbox 1475 1844 1667 1870; x_wconf 87' lang='lat' dir='ltr'>annuum</span> 
     </span>
     <span class='ocr_line' id='line_1_26' title="bbox 133 1893 1668 1949; baseline 0 -16"><span class='ocrx_word' id='word_1_189' title='bbox 133 1894 352 1933; x_wconf 88' lang='lat' dir='ltr'>redditum</span> <span class='ocrx_word' id='word_1_190' title='bbox 374 1897 469 1933; x_wconf 92' lang='lat' dir='ltr'>octo</span> <span class='ocrx_word' id='word_1_191' title='bbox 492 1893 723 1933; x_wconf 90' lang='lat' dir='ltr'>solidorum</span> <span class='ocrx_word' id='word_1_192' title='bbox 745 1894 948 1947; x_wconf 74' lang='lat' dir='ltr'>praedicto</span> <span class='ocrx_word' id='word_1_193' title='bbox 961 1895 1166 1944; x_wconf 75' lang='lat' dir='ltr'>waltero,</span> <span class='ocrx_word' id='word_1_194' title='bbox 1188 1894 1445 1945; x_wconf 59' lang='lat' dir='ltr'>haeredibus,</span> <span class='ocrx_word' id='word_1_195' title='bbox 1467 1898 1510 1934; x_wconf 91' lang='lat' dir='ltr'>et</span> <span class='ocrx_word' id='word_1_196' title='bbox 1534 1896 1668 1949; x_wconf 81' lang='lat' dir='ltr'>assig-</span> 
     </span>
     <span class='ocr_line' id='line_1_27' title="bbox 133 1957 1665 2011; baseline -0.001 -13"><span class='ocrx_word' id='word_1_197' title='bbox 133 1959 246 1998; x_wconf 85' lang='lat' dir='ltr'>natis</span> <span class='ocrx_word' id='word_1_198' title='bbox 271 1959 357 1997; x_wconf 83' lang='lat' dir='ltr'>suis</span> <span class='ocrx_word' id='word_1_199' title='bbox 379 1957 432 1997; x_wconf 89' lang='lat' dir='ltr'>ad</span> <span class='ocrx_word' id='word_1_200' title='bbox 453 1957 558 1996; x_wconf 91' lang='lat' dir='ltr'>duos</span> <span class='ocrx_word' id='word_1_201' title='bbox 581 1958 682 1996; x_wconf 84' lang='lat' dir='ltr'>anni</span> <span class='ocrx_word' id='word_1_202' title='bbox 697 1959 903 1997; x_wconf 85' lang='lat' dir='ltr'>terminos</span> <span class='ocrx_word' id='word_1_203' title='bbox 922 1972 996 2011; x_wconf 91' lang='lat' dir='ltr'>per</span> <span class='ocrx_word' id='word_1_204' title='bbox 1017 1959 1198 2011; x_wconf 78' lang='lat' dir='ltr'>aequales</span> <span class='ocrx_word' id='word_1_205' title='bbox 1212 1959 1449 2011; x_wconf 87' lang='lat' dir='ltr'>porciones,</span> <span class='ocrx_word' id='word_1_206' title='bbox 1467 1959 1665 1998; x_wconf 82' lang='lat' dir='ltr'>videlicet</span> 
     </span>
     <span class='ocr_line' id='line_1_28' title="bbox 133 2021 1669 2076; baseline 0.001 -15"><span class='ocrx_word' id='word_1_207' title='bbox 133 2023 186 2062; x_wconf 85' lang='lat' dir='ltr'>ad</span> <span class='ocrx_word' id='word_1_208' title='bbox 217 2021 327 2061; x_wconf 87' lang='lat' dir='ltr'>festa</span> <span class='ocrx_word' id='word_1_209' title='bbox 359 2021 636 2060; x_wconf 88' lang='lat' dir='ltr'>Pentecostes</span> <span class='ocrx_word' id='word_1_210' title='bbox 668 2025 711 2060; x_wconf 92' lang='lat' dir='ltr'>et</span> <span class='ocrx_word' id='word_1_211' title='bbox 746 2021 892 2061; x_wconf 83' lang='lat' dir='ltr'>Sancti</span> <span class='ocrx_word' id='word_1_212' title='bbox 926 2023 1104 2061; x_wconf 82' lang='lat' dir='ltr'>Martini</span> <span class='ocrx_word' id='word_1_213' title='bbox 1137 2023 1182 2061; x_wconf 92' lang='lat' dir='ltr'>in</span> <span class='ocrx_word' id='word_1_214' title='bbox 1213 2036 1336 2076; x_wconf 74' lang='lat' dir='ltr'>yeme</span> <span class='ocrx_word' id='word_1_215' title='bbox 1369 2023 1420 2061; x_wconf 89' lang='lat' dir='ltr'>de</span> <span class='ocrx_word' id='word_1_216' title='bbox 1453 2023 1669 2075; x_wconf 81' lang='lat' dir='ltr'>praedictis</span> 
     </span>
     <span class='ocr_line' id='line_1_29' title="bbox 134 2085 1669 2139; baseline 0.001 -14"><span class='ocrx_word' id='word_1_217' title='bbox 134 2088 386 2125; x_wconf 81' lang='lat' dir='ltr'>tenemento</span> <span class='ocrx_word' id='word_1_218' title='bbox 408 2089 451 2124; x_wconf 86' lang='lat' dir='ltr'>et</span> <span class='ocrx_word' id='word_1_219' title='bbox 473 2085 627 2124; x_wconf 78' lang='lat' dir='ltr'>bovata</span> <span class='ocrx_word' id='word_1_220' title='bbox 658 2088 796 2125; x_wconf 82' lang='lat' dir='ltr'>terrae.</span> <span class='ocrx_word' id='word_1_221' title='bbox 860 2086 913 2125; x_wconf 90' lang='lat' dir='ltr'>Et</span> <span class='ocrx_word' id='word_1_222' title='bbox 949 2099 1028 2139; x_wconf 89' lang='lat' dir='ltr'>ego</span> <span class='ocrx_word' id='word_1_223' title='bbox 1060 2100 1157 2125; x_wconf 82' lang='lat' dir='ltr'>vero</span> <span class='ocrx_word' id='word_1_224' title='bbox 1188 2086 1417 2139; x_wconf 85' lang='lat' dir='ltr'>praedictus</span> <span class='ocrx_word' id='word_1_225' title='bbox 1450 2085 1669 2126; x_wconf 84' lang='lat' dir='ltr'>Johannes</span> 
     </span>
     <span class='ocr_line' id='line_1_30' title="bbox 135 2148 1669 2202; baseline 0 -13"><span class='ocrx_word' id='word_1_226' title='bbox 135 2149 321 2198; x_wconf 88' lang='lat' dir='ltr'>Hubert,</span> <span class='ocrx_word' id='word_1_227' title='bbox 338 2148 595 2202; x_wconf 78' lang='lat' dir='ltr'>capellanuS,</span> <span class='ocrx_word' id='word_1_228' title='bbox 610 2149 864 2201; x_wconf 79' lang='lat' dir='ltr'>praedictum</span> <span class='ocrx_word' id='word_1_229' title='bbox 881 2164 1075 2190; x_wconf 86' lang='lat' dir='ltr'>annuum</span> <span class='ocrx_word' id='word_1_230' title='bbox 1092 2151 1310 2190; x_wconf 84' lang='lat' dir='ltr'>redditum</span> <span class='ocrx_word' id='word_1_231' title='bbox 1325 2155 1420 2190; x_wconf 86' lang='lat' dir='ltr'>octo</span> <span class='ocrx_word' id='word_1_232' title='bbox 1438 2151 1669 2190; x_wconf 87' lang='lat' dir='ltr'>solidorum</span> 
     </span>
     <span class='ocr_line' id='line_1_31' title="bbox 135 2212 1671 2268; baseline 0.001 -15"><span class='ocrx_word' id='word_1_233' title='bbox 135 2213 336 2267; x_wconf 72' lang='lat' dir='ltr'>praedicto</span> <span class='ocrx_word' id='word_1_234' title='bbox 358 2213 548 2252; x_wconf 75' lang='lat' dir='ltr'>waltero</span> <span class='ocrx_word' id='word_1_235' title='bbox 580 2212 738 2264; x_wconf 87' lang='lat' dir='ltr'>Sutori,</span> <span class='ocrx_word' id='word_1_236' title='bbox 770 2212 1027 2265; x_wconf 68' lang='lat' dir='ltr'>haeredibus,</span> <span class='ocrx_word' id='word_1_237' title='bbox 1051 2218 1095 2255; x_wconf 83' lang='lat' dir='ltr'>et</span> <span class='ocrx_word' id='word_1_238' title='bbox 1125 2215 1354 2268; x_wconf 85' lang='lat' dir='ltr'>assignatis</span> <span class='ocrx_word' id='word_1_239' title='bbox 1387 2216 1492 2265; x_wconf 86' lang='lat' dir='ltr'>suis,</span> <span class='ocrx_word' id='word_1_240' title='bbox 1523 2219 1671 2254; x_wconf 88' lang='lat' dir='ltr'>contra</span> 
     </span>
     <span class='ocr_line' id='line_1_32' title="bbox 135 2277 1670 2331; baseline 0.001 -16"><span class='ocrx_word' id='word_1_241' title='bbox 135 2290 284 2316; x_wconf 89' lang='lat' dir='ltr'>omnes</span> <span class='ocrx_word' id='word_1_242' title='bbox 334 2280 488 2330; x_wconf 84' lang='lat' dir='ltr'>gentes</span> <span class='ocrx_word' id='word_1_243' title='bbox 539 2277 906 2317; x_wconf 79' lang='lat' dir='ltr'>warantizabimus</span> <span class='ocrx_word' id='word_1_244' title='bbox 949 2279 1286 2331; x_wconf 87' lang='lat' dir='ltr'>imperpetuum.</span> <span class='ocrx_word' id='word_1_245' title='bbox 1349 2278 1401 2316; x_wconf 91' lang='lat' dir='ltr'>In</span> <span class='ocrx_word' id='word_1_246' title='bbox 1444 2277 1568 2331; x_wconf 88' lang='lat' dir='ltr'>cujus</span> <span class='ocrx_word' id='word_1_247' title='bbox 1608 2280 1670 2318; x_wconf 91' lang='lat' dir='ltr'>rei</span> 
     </span>
     <span class='ocr_line' id='line_1_33' title="bbox 136 2341 1671 2395; baseline 0.001 -16"><span class='ocrx_word' id='word_1_248' title='bbox 136 2341 435 2380; x_wconf 87' lang='lat' dir='ltr'>testimonium</span> <span class='ocrx_word' id='word_1_249' title='bbox 458 2342 657 2394; x_wconf 80' lang='lat' dir='ltr'>praesenti</span> <span class='ocrx_word' id='word_1_250' title='bbox 680 2346 805 2381; x_wconf 85' lang='lat' dir='ltr'>cartae</span> <span class='ocrx_word' id='word_1_251' title='bbox 829 2341 1020 2395; x_wconf 87' lang='lat' dir='ltr'>sigillum</span> <span class='ocrx_word' id='word_1_252' title='bbox 1042 2355 1189 2381; x_wconf 90' lang='lat' dir='ltr'>meum</span> <span class='ocrx_word' id='word_1_253' title='bbox 1209 2342 1402 2394; x_wconf 79' lang='lat' dir='ltr'>apposui.</span> <span class='ocrx_word' id='word_1_254' title='bbox 1465 2342 1562 2381; x_wconf 83' lang='lat' dir='ltr'>Hiis</span> <span class='ocrx_word' id='word_1_255' title='bbox 1584 2345 1671 2381; x_wconf 89' lang='lat' dir='ltr'>tes-</span> 
     </span>
     <span class='ocr_line' id='line_1_34' title="bbox 136 2404 1668 2458; baseline 0.001 -14"><span class='ocrx_word' id='word_1_256' title='bbox 136 2405 281 2454; x_wconf 86' lang='lat' dir='ltr'>tibus3</span> <span class='ocrx_word' id='word_1_257' title='bbox 312 2404 529 2444; x_wconf 78' lang='lat' dir='ltr'>Willelmo</span> <span class='ocrx_word' id='word_1_258' title='bbox 557 2405 609 2444; x_wconf 92' lang='lat' dir='ltr'>de</span> <span class='ocrx_word' id='word_1_259' title='bbox 642 2404 918 2458; x_wconf 82' lang='lat' dir='ltr'>Markynton,</span> <span class='ocrx_word' id='word_1_260' title='bbox 952 2404 1148 2444; x_wconf 87' lang='lat' dir='ltr'>Johanne</span> <span class='ocrx_word' id='word_1_261' title='bbox 1181 2405 1355 2458; x_wconf 79' lang='lat' dir='ltr'>Gylyot‚</span> <span class='ocrx_word' id='word_1_262' title='bbox 1387 2405 1585 2445; x_wconf 81' lang='lat' dir='ltr'>Johanne</span> <span class='ocrx_word' id='word_1_263' title='bbox 1616 2407 1668 2446; x_wconf 87' lang='lat' dir='ltr'>de</span> 
     </span>
     <span class='ocr_line' id='line_1_35' title="bbox 138 2467 1433 2522; baseline 0 -14"><span class='ocrx_word' id='word_1_264' title='bbox 138 2469 306 2522; x_wconf 74' lang='lat' dir='ltr'>Clynte,</span> <span class='ocrx_word' id='word_1_265' title='bbox 328 2468 514 2507; x_wconf 90' lang='lat' dir='ltr'>Roberto</span> <span class='ocrx_word' id='word_1_266' title='bbox 537 2469 699 2522; x_wconf 72' lang='lat' dir='ltr'>Tapyn,</span> <span class='ocrx_word' id='word_1_267' title='bbox 721 2467 918 2508; x_wconf 83' lang='lat' dir='ltr'>Johanne</span> <span class='ocrx_word' id='word_1_268' title='bbox 940 2469 991 2507; x_wconf 90' lang='lat' dir='ltr'>de</span> <span class='ocrx_word' id='word_1_269' title='bbox 1015 2468 1237 2521; x_wconf 80' lang='lat' dir='ltr'>Bradeley,</span> <span class='ocrx_word' id='word_1_270' title='bbox 1259 2473 1301 2508; x_wconf 90' lang='lat' dir='ltr'>et</span> <span class='ocrx_word' id='word_1_271' title='bbox 1325 2469 1433 2509; x_wconf 83' lang='lat' dir='ltr'>aliis.</span> 
     </span>
    </p>

    <p class='ocr_par' dir='ltr' id='par_1_6' title="bbox 225 2531 1670 2587">
     <span class='ocr_line' id='line_1_36' title="bbox 225 2531 1670 2587; baseline 0.002 -15"><span class='ocrx_word' id='word_1_272' title='bbox 225 2533 323 2572; x_wconf 79' lang='lat' dir='ltr'>Dat..</span> <span class='ocrx_word' id='word_1_273' title='bbox 352 2533 465 2584; x_wconf 87' lang='lat' dir='ltr'>apud</span> <span class='ocrx_word' id='word_1_274' title='bbox 497 2531 734 2582; x_wconf 89' lang='lat' dir='ltr'>Thoruton,</span> <span class='ocrx_word' id='word_1_275' title='bbox 766 2533 810 2571; x_wconf 91' lang='lat' dir='ltr'>in</span> <span class='ocrx_word' id='word_1_276' title='bbox 843 2532 953 2571; x_wconf 87' lang='lat' dir='ltr'>festo</span> <span class='ocrx_word' id='word_1_277' title='bbox 986 2532 1153 2572; x_wconf 84' lang='lat' dir='ltr'>Sanctae</span> <span class='ocrx_word' id='word_1_278' title='bbox 1189 2534 1370 2586; x_wconf 84' lang='lat' dir='ltr'>Agnetis</span> <span class='ocrx_word' id='word_1_279' title='bbox 1403 2534 1593 2587; x_wconf 78' lang='lat' dir='ltr'>Virginis</span> <span class='ocrx_word' id='word_1_280' title='bbox 1627 2540 1670 2575; x_wconf 52' lang='lat' dir='ltr'>et,</span> 
     </span>
    </p>
   </div>
   <div class='ocr_carea' id='block_1_5' title="bbox 137 2596 1669 2713">
    <p class='ocr_par' dir='ltr' id='par_1_7' title="bbox 137 2596 1669 2713">
     <span class='ocr_line' id='line_1_37' title="bbox 137 2596 1669 2652; baseline 0.001 -17"><span class='ocrx_word' id='word_1_281' title='bbox 137 2597 343 2646; x_wconf 77' lang='lat' dir='ltr'>Martiris,</span> <span class='ocrx_word' id='word_1_282' title='bbox 375 2597 498 2635; x_wconf 88' lang='lat' dir='ltr'>Anno</span> <span class='ocrx_word' id='word_1_283' title='bbox 530 2596 704 2635; x_wconf 87' lang='lat' dir='ltr'>Domini</span> <span class='ocrx_word' id='word_1_284' title='bbox 738 2596 971 2636; x_wconf 85' lang='lat' dir='ltr'>Millesimo</span> <span class='ocrx_word' id='word_1_285' title='bbox 1005 2597 1308 2636; x_wconf 74' lang='lat' dir='ltr'>trecentesimo</span> <span class='ocrx_word' id='word_1_286' title='bbox 1344 2598 1669 2652; x_wconf 80' lang='lat' dir='ltr'>quadragesimo</span> 
     </span>
     <span class='ocr_line' id='line_1_38' title="bbox 137 2661 333 2713; baseline 0.005 -15"><span class='ocrx_word' id='word_1_287' title='bbox 137 2661 333 2713; x_wconf 82' lang='lat' dir='ltr'>septimO.</span> 
     </span>
    </p>
   </div>
   <div class='ocr_carea' id='block_1_6' title="bbox 815 2749 987 2794">
    <p class='ocr_par' dir='ltr' id='par_1_8' title="bbox 815 2749 987 2794">
     <span class='ocr_line' id='line_1_39' title="bbox 815 2749 987 2794; baseline 0.012 -12"><span class='ocrx_word' id='word_1_288' title='bbox 815 2749 987 2794; x_wconf 79' lang='lat' dir='ltr'>(LXIV.)</span> 
     </span>
    </p>
   </div>
   <div class='ocr_carea' id='block_1_7' title="bbox 141 2836 1669 3004">
    <p class='ocr_par' dir='ltr' id='par_1_9' title="bbox 141 2836 1669 3004">
     <span class='ocr_line' id='line_1_40' title="bbox 230 2836 1669 2891; baseline 0.003 -16"><span class='ocrx_word' id='word_1_289' title='bbox 230 2836 371 2875; x_wconf 82' lang='lat' dir='ltr'>Sciant</span> <span class='ocrx_word' id='word_1_290' title='bbox 407 2841 637 2889; x_wconf 68' lang='lat' dir='ltr'>praesentes</span> <span class='ocrx_word' id='word_1_291' title='bbox 670 2841 711 2875; x_wconf 91' lang='lat' dir='ltr'>et</span> <span class='ocrx_word' id='word_1_292' title='bbox 751 2836 900 2886; x_wconf 88' lang='lat' dir='ltr'>futuri,</span> <span class='ocrx_word' id='word_1_293' title='bbox 937 2838 1048 2890; x_wconf 79' lang='lat' dir='ltr'>quod</span> <span class='ocrx_word' id='word_1_294' title='bbox 1087 2851 1167 2891; x_wconf 87' lang='lat' dir='ltr'>ego</span> <span class='ocrx_word' id='word_1_295' title='bbox 1202 2838 1417 2878; x_wconf 78' lang='lat' dir='ltr'>walterus</span> <span class='ocrx_word' id='word_1_296' title='bbox 1455 2838 1584 2878; x_wconf 86' lang='lat' dir='ltr'>Sutor</span> <span class='ocrx_word' id='word_1_297' title='bbox 1617 2840 1669 2880; x_wconf 89' lang='lat' dir='ltr'>de</span> 
     </span>
     <span class='ocr_line' id='line_1_41' title="bbox 141 2898 1669 2955; baseline 0.004 -17"><span class='ocrx_word' id='word_1_298' title='bbox 141 2898 359 2939; x_wconf 87' lang='lat' dir='ltr'>Thornton</span> <span class='ocrx_word' id='word_1_299' title='bbox 393 2899 628 2953; x_wconf 81' lang='lat' dir='ltr'>Bysshopp,</span> <span class='ocrx_word' id='word_1_300' title='bbox 651 2901 852 2950; x_wconf 73' lang='lat' dir='ltr'>concessi,</span> <span class='ocrx_word' id='word_1_301' title='bbox 875 2901 989 2951; x_wconf 86' lang='lat' dir='ltr'>dedi,</span> <span class='ocrx_word' id='word_1_302' title='bbox 1013 2906 1054 2941; x_wconf 88' lang='lat' dir='ltr'>et</span> <span class='ocrx_word' id='word_1_303' title='bbox 1089 2901 1165 2941; x_wconf 89' lang='lat' dir='ltr'>hac</span> <span class='ocrx_word' id='word_1_304' title='bbox 1198 2904 1398 2955; x_wconf 76' lang='lat' dir='ltr'>praesenti</span> <span class='ocrx_word' id='word_1_305' title='bbox 1430 2908 1543 2942; x_wconf 82' lang='lat' dir='ltr'>carta</span> <span class='ocrx_word' id='word_1_306' title='bbox 1576 2918 1669 2944; x_wconf 84' lang='lat' dir='ltr'>mea</span> 
     </span>
     <span class='ocr_line' id='line_1_42' title="bbox 893 2975 918 3004; baseline 0 0"><span class='ocrx_word' id='word_1_307' title='bbox 893 2975 918 3004; x_wconf 93' lang='lat' dir='ltr'>L</span> 
     </span>
    </p>
   </div>
   <div class='ocr_carea' id='block_1_8' title="bbox 1788 147 1880 194">
    <p class='ocr_par' dir='ltr' id='par_1_10' title="bbox 1788 147 1880 194">
     <span class='ocr_line' id='line_1_43' title="bbox 1788 147 1880 194; baseline 0.022 -2"><span class='ocrx_word' id='word_1_308' title='bbox 1788 147 1880 194; x_wconf 78' lang='lat'>145</span> 
     </span>
    </p>
   </div>
   <div class='ocr_carea' id='block_1_9' title="bbox 1696 731 1878 760">
    <p class='ocr_par' dir='ltr' id='par_1_11' title="bbox 1696 731 1878 760">
     <span class='ocr_line' id='line_1_44' title="bbox 1696 731 1878 760; baseline -0.005 0"><span class='ocrx_word' id='word_1_309' title='bbox 1696 731 1878 760; x_wconf 73' lang='lat' dir='ltr'>witnesses.</span> 
     </span>
    </p>
   </div>
   <div class='ocr_carea' id='block_1_10' title="bbox 1700 1260 1900 1290">
    <p class='ocr_par' dir='ltr' id='par_1_12' title="bbox 1700 1260 1900 1290">
     <span class='ocr_line' id='line_1_45' title="bbox 1700 1260 1900 1290; baseline -0.005 0"><span class='ocrx_word' id='word_1_310' title='bbox 1700 1262 1740 1290; x_wconf 76' lang='lat' dir='ltr'>fn.</span> <span class='ocrx_word' id='word_1_311' title='bbox 1758 1261 1813 1290; x_wconf 76' lang='lat'>103</span> <span class='ocrx_word' id='word_1_312' title='bbox 1829 1260 1859 1289; x_wconf 96' lang='grc'>11.</span> <span class='ocrx_word' id='word_1_313' title='bbox 1875 1271 1900 1289; x_wconf 68' lang='grc'>11.</span> 
     </span>
    </p>
   </div>
   <div class='ocr_carea' id='block_1_11' title="bbox 1702 1316 1871 1621">
    <p class='ocr_par' dir='ltr' id='par_1_13' title="bbox 1702 1316 1871 1621">
     <span class='ocr_line' id='line_1_46' title="bbox 1702 1316 1831 1345; baseline -0.008 0"><span class='ocrx_word' id='word_1_314' title='bbox 1702 1316 1831 1345; x_wconf 72' lang='lat' dir='ltr'>For-mer</span> 
     </span>
     <span class='ocr_line' id='line_1_47' title="bbox 1702 1355 1848 1393; baseline -0.007 -9"><span class='ocrx_word' id='word_1_315' title='bbox 1702 1360 1798 1393; x_wconf 74' lang='lat' dir='ltr'>grant</span> <span class='ocrx_word' id='word_1_316' title='bbox 1813 1355 1848 1383; x_wconf 85' lang='lat' dir='ltr'>of</span> 
     </span>
     <span class='ocr_line' id='line_1_48' title="bbox 1702 1395 1871 1423; baseline -0.006 0"><span class='ocrx_word' id='word_1_317' title='bbox 1702 1395 1755 1423; x_wconf 80' lang='grc'><strong>1116</strong></span> <span class='ocrx_word' id='word_1_318' title='bbox 1772 1395 1871 1423; x_wconf 79' lang='lat' dir='ltr'>above</span> 
     </span>
     <span class='ocr_line' id='line_1_49' title="bbox 1702 1434 1816 1472; baseline -0.009 -9"><span class='ocrx_word' id='word_1_319' title='bbox 1702 1434 1744 1472; x_wconf 75' lang='lat' dir='ltr'>by</span> <span class='ocrx_word' id='word_1_320' title='bbox 1762 1434 1816 1463; x_wconf 79' lang='lat' dir='ltr'>the</span> 
     </span>
     <span class='ocr_line' id='line_1_50' title="bbox 1703 1477 1836 1502; baseline -0.008 0"><span class='ocrx_word' id='word_1_321' title='bbox 1703 1483 1788 1502; x_wconf 78' lang='lat' dir='ltr'>same</span> <span class='ocrx_word' id='word_1_322' title='bbox 1804 1477 1836 1501; x_wconf 89' lang='lat' dir='ltr'>to</span> 
     </span>
     <span class='ocr_line' id='line_1_51' title="bbox 1702 1514 1863 1549; baseline -0.012 -7"><span class='ocrx_word' id='word_1_323' title='bbox 1702 1514 1755 1542; x_wconf 87' lang='lat' dir='ltr'>the</span> <span class='ocrx_word' id='word_1_324' title='bbox 1771 1522 1863 1549; x_wconf 79' lang='lat' dir='ltr'>sanie,</span> 
     </span>
     <span class='ocr_line' id='line_1_52' title="bbox 1703 1553 1839 1588; baseline -0.007 -7"><span class='ocrx_word' id='word_1_325' title='bbox 1703 1553 1775 1581; x_wconf 84' lang='lat' dir='ltr'>Jau.</span> <span class='ocrx_word' id='word_1_326' title='bbox 1792 1553 1839 1588; x_wconf 71' lang='lat'>21,</span> 
     </span>
     <span class='ocr_line' id='line_1_53' title="bbox 1705 1593 1791 1621; baseline 0 -1"><span class='ocrx_word' id='word_1_327' title='bbox 1705 1593 1791 1621; x_wconf 77' lang='lat'>1347.</span> 
     </span>
    </p>
   </div>
   <div class='ocr_carea' id='block_1_12' title="bbox 1708 2355 1889 2384">
    <p class='ocr_par' dir='ltr' id='par_1_14' title="bbox 1708 2355 1889 2384">
     <span class='ocr_line' id='line_1_54' title="bbox 1708 2355 1889 2384; baseline 0 0"><span class='ocrx_word' id='word_1_328' title='bbox 1708 2355 1889 2384; x_wconf 71' lang='lat' dir='ltr'>witnesses.</span> 
     </span>
    </p>
   </div>
   <div class='ocr_carea' id='block_1_13' title="bbox 1704 2849 1882 2965">
    <p class='ocr_par' dir='ltr' id='par_1_15' title="bbox 1704 2849 1882 2965">
     <span class='ocr_line' id='line_1_55' title="bbox 1705 2849 1827 2878; baseline 0.016 -2"><span class='ocrx_word' id='word_1_329' title='bbox 1705 2849 1827 2878; x_wconf 79' lang='lat' dir='ltr'>Walter</span> 
     </span>
     <span class='ocr_line' id='line_1_56' title="bbox 1704 2892 1798 2917; baseline -0.011 0"><span class='ocrx_word' id='word_1_330' title='bbox 1704 2892 1798 2917; x_wconf 64' lang='lat' dir='ltr'>Sutor</span> 
     </span>
     <span class='ocr_line' id='line_1_57' title="bbox 1705 2928 1882 2965; baseline 0.006 -9"><span class='ocrx_word' id='word_1_331' title='bbox 1705 2932 1814 2965; x_wconf 62' lang='lat' dir='ltr'>grants</span> <span class='ocrx_word' id='word_1_332' title='bbox 1830 2928 1882 2957; x_wconf 82' lang='lat' dir='ltr'>the</span> 
     </span>
    </p>
   </div>
  </div>
 </body>
</html>
