1935 3151
595 149 820 183 ORIGINAL
860 150 1013 183 DOCUM
1021 151 1143 183 ENTs.

111 275 265 301 vacans
289 266 327 301 et
355 262 397 301 in
431 261 628 301 manibus
660 262 839 301 celebris
871 263 1085 302 memoriae
1107 263 1268 303 domini
1294 264 1484 304 Edwardi
1508 279 1640 318 quon-

111 325 209 365 dam
232 326 359 380 Regis
381 325 547 379 Angliae
569 326 702 378 patris
720 327 853 365 nostri
876 326 961 366 fuit
979 342 987 367 :
1023 327 1090 366 Ita
1104 328 1216 380 quod
1231 328 1346 367 idem
1360 332 1483 381 pater
1497 333 1641 369 noster

110 390 348 429 custodiam
379 390 484 429 dicti
517 388 736 442 hospitalis
767 391 934 430 racione
968 392 1200 431 vacacionis
1242 391 1642 445 Archiepiscopatus

111 453 319 506 praedicti,
336 455 411 493 uni
434 454 487 493 de
509 454 671 493 clericis
695 455 781 493 suis
802 455 946 507 potuit
963 455 1194 495 contulisse
1212 469 1363 506 necne,
1381 460 1424 496 et
1443 458 1644 497 similiter

110 518 206 570 quis
242 518 481 557 custodiam
517 518 636 557 illam
670 518 795 558 modo
828 522 965 568 tenet,
999 522 1044 558 et
1079 533 1129 558 ex
1165 520 1288 573 cujus
1319 520 1563 571 collacione,
1599 526 1644 561 et

110 581 309 634 qualiter,
327 586 371 621 et
388 595 472 635 quo
488 582 627 631 modo,
646 586 689 622 et
707 586 918 635 quantum
941 583 1136 623 custodia
1159 584 1232 623 illa
1254 585 1367 624 valet
1384 599 1458 638 per
1481 599 1642 625 annum

109 646 155 684 in
186 646 385 685 omnibus
419 646 618 695 exitibus,
651 646 769 686 vobis
802 647 1054 686 mandamus
1086 648 1199 700 quod
1221 662 1295 700 per
1328 653 1641 689 sacramentum

110 709 338 762 proborum
360 714 402 749 et
426 710 634 764 legalium
661 709 887 750 hominum
918 712 970 751 de
1003 712 1159 751 balliva
1180 716 1334 763 vestra,
1358 727 1432 766 per
1453 727 1557 767 quos
1580 715 1643 754 rei

109 775 266 813 veritas
303 774 456 813 melius
499 775 595 813 sciri
635 776 809 827 poterit,
851 775 1109 829 diligentem
1150 777 1476 828 inquisicionem
1517 791 1644 831 super

109 839 339 891 praemissis
375 838 467 877 fieri
504 838 682 878 faciatis.
745 840 802 879 Et
837 840 1169 893 inquisicionem
1206 841 1325 880 illam
1358 841 1564 881 distincte
1600 846 1644 881 et

108 905 256 954 aperte
278 901 436 941 factam
457 902 579 941 nobis
602 903 680 942 sub
703 903 843 957 sigillo
865 908 1006 943 vestro
1028 906 1074 942 et
1096 903 1248 956 sigillis
1272 918 1419 943 eorum
1442 918 1516 958 per
1538 919 1643 958 quos

107 964 220 1004 facta
235 965 368 1005 fuerit
386 966 477 1005 sine
495 966 706 1006 dilacione
729 968 929 1017 mittatis,
954 970 999 1006 et
1020 966 1099 1006 hoc
1116 968 1257 1007 breve.
1309 968 1438 1008 Teste
1462 982 1530 1008 me
1553 969 1644 1021 ipso

107 1029 221 1082 apud
254 1029 704 1081 VVestmonasterium‚
735 1031 834 1085 111]ῐο
865 1031 934 1071 (116
968 1030 1177 1082 Octobris,
1209 1045 1322 1072 anno
1354 1033 1478 1086 regni
1509 1033 1644 1073 nostri

109 1094 311 1134 secundo.

197 1157 434 1211 Inquisicio
467 1162 591 1212 capta
624 1173 764 1199 coram
787 1158 978 1199 Gerardo
1006 1158 1204 1212 Salvayn,
1228 1159 1644 1200 Escaetoredomini

108 1220 240 1275 Regis
271 1222 384 1262 ultra
415 1223 633 1273 Trentam,
666 1223 779 1277 apud
816 1222 1072 1276 VVethurby,
1102 1224 1171 1263 die
1200 1224 1425 1264 Dominica
1453 1226 1645 1278 proxima

107 1290 208 1325 ante
230 1285 391 1326 festum
414 1287 580 1327 Natalis
602 1288 790 1337 Domini,
814 1301 926 1327 anno
947 1288 1069 1340 regni
1094 1287 1226 1341 Regis
1247 1301 1362 1327 nunc
1385 1289 1583 1329 secundo.

196 1350 407 1390 Dominus
429 1351 519 1391 Rex
540 1352 762 1391 mandavit
785 1352 976 1392 Gerardo
994 1352 1192 1404 Salvayn,
1208 1352 1425 1392 Escaetori
1440 1366 1515 1393 suo
1530 1354 1644 1393 ultra

107 1413 312 1453 Trentam
333 1414 462 1455 breve
486 1429 611 1455 suum
634 1416 679 1455 in
702 1414 791 1455 haec
814 1416 954 1455 verba.

196 1479 440 1529 Edwardus,
473 1480 554 1519 Dei
584 1480 727 1534 gracia
759 1480 851 1520 Rex
882 1480 1064 1533 Anghae,
1097 1480 1308 1520 Dominus
1341 1481 1575 1531 Hiberniae,
1601 1486 1646 1522 et

108 1541 206 1582 Dux
227 1543 484 1596 Aquitaniae,
507 1544 665 1584 dilecto
687 1548 732 1584 et
753 1544 872 1584 fideli
895 1558 971 1583 suo
994 1544 1183 1584 Gerardo
1206 1544 1402 1597 Salvayn,
1425 1546 1645 1585 Escaetori

109 1620 184 1646 suo
206 1607 319 1647 ultra
339 1608 557 1658 Trentam,
581 1609 779 1648 salutem.
840 1609 1044 1648 Volentes
1067 1609 1196 1648 certis
1228 1609 1281 1648 de
1314 1610 1451 1648 causis
1473 1623 1549 1662 per
1572 1624 1643 1649 vos

107 1671 339 1722 certiorari,
360 1675 510 1711 utrum
532 1671 743 1725 hospitale
768 1672 911 1712 Beatae
942 1672 1090 1711 Mariae
1114 1672 1382 1725 Magdalenae
1404 1673 1457 1712 de
1479 1673 1644 1726 Rypon’

107 1747 247 1787 nuper
268 1749 420 1775 vacans
453 1739 558 1786 erat,
590 1739 783 1789 tempore
806 1749 889 1789 quo
911 1734 1313 1788 Archiepiscopatus
1336 1735 1462 1776 Ebor.
1485 1736 1643 1777 ultimo

107 1812 258 1838 vacans
280 1802 325 1838 et
346 1799 391 1838 in
413 1800 613 1839 manibus
635 1800 815 1840 celebris
846 1800 1065 1838 memoriae
1096 1799 1260 1838 domini
1282 1800 1479 1840 Edwardi
1508 1814 1644 1853 quon-

107 1863 204 1902 dam
244 1862 374 1916 Regis
411 1864 578 1917 Angliae
619 1864 754 1916 patris
789 1863 925 1903 nostri
961 1862 1062 1912 fuit,
1096 1863 1157 1902 ita
1191 1863 1304 1916 quod
1339 1863 1481 1903 dictus
1521 1869 1645 1917 pater

106 1930 251 1966 noster
291 1927 529 1967 custodiam
570 1927 675 1967 dicti
717 1926 941 1980 hospitalis
977 1927 1148 1966 racione
1191 1927 1427 1967 vacacionis
1463 1927 1642 1967 Archie-

106 1990 350 2043 piscopatus
373 1992 580 2044 praedicti,
602 1993 679 2031 uni
701 1992 752 2031 de
774 1991 935 2031 clericis
959 1991 1045 2029 suis
1068 1991 1211 2043 potuit
1231 1991 1463 2030 contulisse
1493 2005 1641 2043 necne,

106 2058 152 2093 et
182 2055 277 2107 quis
309 2056 548 2095 custodiam
580 2055 698 2095 illam
729 2055 855 2095 modo
881 2058 1020 2103 tenet,
1043 2058 1085 2094 et
1109 2067 1160 2093 ex
1182 2053 1305 2106 cujus
1328 2054 1573 2104 collacione,
1596 2060 1641 2095 et

106 2117 304 2170 qualiter,
322 2123 363 2158 et
383 2133 466 2172 quo
483 2119 623 2169 modo,
647 2123 690 2159 et
713 2122 926 2172 quantum
949 2118 1142 2157 custodia
1158 2117 1231 2156 illa
1252 2118 1362 2157 valet
1382 2132 1457 2171 per
1478 2132 1640 2158 annum

105 2181 152 2220 in
184 2182 382 2222 omnibus
415 2183 616 2234 exitibus,
649 2183 766 2223 vobis
798 2182 1052 2222 mandamus
1084 2181 1196 2234 quod
1219 2195 1293 2234 per
1326 2187 1637 2222 sac-ramentum

105 2245 335 2298 proborum
355 2250 399 2287 et
420 2247 628 2301 legalium
659 2246 885 2287 hominum
916 2246 969 2285 de
991 2245 1149 2285 balliva
1171 2249 1326 2295 vestra,
1349 2259 1422 2298 per
1444 2260 1548 2298 quos
1577 2248 1637 2286 rei

105 2310 261 2348 veritas
302 2311 456 2350 melius
489 2312 585 2351 sciri
627 2312 800 2364 poterit,
842 2310 1099 2363 diligentem
1140 2309 1470 2361 inquisicionem
1513 2324 1639 2363 super

105 2373 335 2425 praemissis
375 2375 467 2414 fieri
509 2375 702 2424 faciatis3
734 2379 779 2414 et
815 2373 1144 2426 inquisicionem
1186 2372 1305 2411 illam
1348 2372 1551 2413 distincte
1593 2379 1633 2414 et

105 2440 252 2488 aperte
273 2436 431 2477 factam
451 2439 575 2478 nobis
597 2439 675 2478 sub
698 2438 838 2493 sigillo
860 2441 1002 2477 vestro
1023 2440 1067 2476 et
1090 2435 1243 2489 sigillis
1267 2449 1413 2475 eorum
1435 2451 1510 2489 per
1532 2451 1636 2490 quos

104 2499 217 2540 facta
251 2500 383 2541 fuerit
421 2503 511 2543 sine
545 2503 756 2542 dilacione
793 2500 995 2550 mittatis,
1028 2504 1073 2539 et
1103 2498 1183 2539 hoc
1212 2500 1354 2540 breve.
1417 2501 1544 2540 Teste
1566 2515 1635 2541 me

103 2564 195 2617 ipso
235 2565 349 2618 apud
382 2566 816 2606 westmonasterium
856 2564 955 2618 iiijto
997 2564 1067 2604 die
1110 2563 1319 2614 Octobris,
1361 2577 1472 2603 anno
1512 2565 1635 2618 regni

103 2629 239 2667 nostri
263 2629 464 2669 secundo.

193 2691 415 2732 Praetextu
436 2693 560 2746 cujus
582 2693 776 2732 mandati
804 2692 920 2732 idem
952 2692 1168 2732 Gerardus
1199 2691 1401 2730 Escaetor
1431 2692 1630 2744 praecepit

105 2752 261 2793 ballivo
301 2755 354 2795 de
391 2755 563 2807 Clarow,
595 2758 670 2809 qui
701 2757 848 2796 venire
888 2755 990 2796 fecit
1031 2755 1246 2808 Nigillum
1278 2755 1330 2793 de
1363 2753 1631 2808 VVethurby’,

107 2816 375 2859 willelmum
405 2821 458 2860 de
495 2820 670 2870 Bilton',
712 2821 931 2874 Rogerum
967 2820 1019 2859 de
1063 2818 1263 2871 Lynton’,
1305 2818 1536 2858 Ricardum
1577 2820 1630 2859 de

109 2879 343 2933 Steneton’,
376 2883 617 2924 Johannem
659 2884 711 2924 de
755 2883 939 2931 Saxton’,
971 2882 1212 2923 Johannem
1253 2881 1306 2921 de
1348 2880 1631 2935 &Vhytewellss

858 2962 882 2992 P

1779 142 1839 187 20
1847 144 1871 187 1)

1678 660 1706 688 A
1717 660 1793 698 jury
1809 663 1842 688 to

1678 700 1715 728 be
1730 699 1856 728 formed.

1679 1176 1744 1222 Th?
1758 1177 1806 1222 513-

1680 1220 1844 1254 qulsmon.

1679 1365 1746 1393 The
1762 1366 1866 1403 king's

1680 1406 1839 1434 mandate.

1675 2203 1703 2232 A
1717 2204 1794 2242 jury
1810 2206 1842 2233 to

1676 2244 1712 2272 be
1729 2244 1858 2273 formed.

1667 2702 1784 2734 Names
1799 2706 1834 2734 of

1667 2743 1720 2771 the
1729 2744 1844 2781 jurors.
