1915 3068
423 163 656 197 EXCERPTS
693 163 820 196 FROM
858 162 1165 205 CllRONICLES,
1202 162 1298 195 ETC.

85 276 164 316 hac
186 277 274 316 vita
296 275 458 328 positus
480 274 653 325 fecerat,
674 274 775 315 huic
799 276 898 315 vitae
920 274 1166 314 subtractus
1187 272 1409 322 miracula,
1430 284 1529 312 cum
1552 284 1618 311 res

86 341 237 394 exigit,
259 339 395 379 facere
417 352 502 378 non
525 343 673 379 cessat.

175 404 327 443 Vestes
361 402 492 453 illius,
525 407 652 456 prout
691 406 792 443 ante
836 406 1020 443 mortem
1057 402 1339 455 disposuerat,
1375 398 1618 439 distributae

87 468 216 508 sunt.¹

174 531 296 586 (Cap.
319 529 414 586 lvi.)
446 530 707 585 Magnitudo
723 531 868 583 itaque
887 530 1106 583 signorum
1128 543 1257 583 quam
1278 528 1330 568 ad
1352 540 1502 581 corpus
1525 526 1618 580 ejus

86 596 138 636 de
155 597 225 636 die
247 597 291 635 in
306 596 421 636 diem
443 595 652 635 Dominus
675 595 945 648 operabatur,
962 595 1117 634 merita
1138 594 1275 647 ipsius
1296 593 1422 646 longe
1445 591 1617 644 lateque

86 659 357 708 declarabat3
409 663 454 699 et
502 660 662 713 insigni
705 658 818 698 fama
857 662 1074 711 permotos
1115 658 1169 697 ad
1209 657 1461 696 memoriam
1501 654 1618 694 illius

85 725 334 763 innumeros
365 723 542 776 populos
573 722 848 777 aggregabat.
911 721 1179 774 Quapropter
1210 721 1328 760 locus
1359 721 1449 773 ipse
1480 718 1620 758 multo

86 793 279 841 tempore
303 788 460 827 summi
482 785 654 826 honoris
676 791 742 826 est
763 785 951 836 habitus,
969 790 1013 825 et
1034 786 1276 839 quibusque
1294 782 1620 824 infirmitatibus

85 852 241 904 pressis
278 851 330 891 ad
362 851 697 903 recuperandam
731 851 964 890 sanitatem
996 849 1120 889 valde
1153 849 1350 889 salubris.
1410 847 1621 887 Dominus

86 929 256 968 quoque
288 914 467 955 hostiles
499 916 697 954 incursus
729 915 846 953 omni
879 927 929 953 ex
961 917 1082 967 parte
1115 913 1348 963 sedaverat,
1371 912 1472 965 quia
1492 911 1621 950 devo-

86 980 250 1019 tionem
273 979 421 1032 populi
444 979 509 1018 sui
541 992 670 1031 quam
701 978 754 1018 ad
787 978 1109 1018 venerationem
1140 976 1292 1016 famuli
1325 976 1391 1015 sui
1422 973 1620 1023 habebat,

85 1043 386 1096 perturbatum
416 1043 470 1082 iri
498 1042 686 1082 nolebat.
749 1041 836 1081 Ubi
858 1055 957 1081 vero
979 1054 1054 1094 pro
1085 1041 1341 1080 assiduitate
1363 1038 1619 1079 confluentis

85 1107 223 1147 turbae
255 1107 430 1160 quidam
460 1107 590 1146 vicini
623 1106 751 1146 taedio
782 1105 907 1155 affici,
938 1119 985 1144 ac
1016 1104 1174 1144 idcirco
1203 1118 1228 1144 a
1261 1104 1341 1143 loci
1373 1102 1620 1142 visitatione

86 1171 310 1225 paullatim
341 1169 538 1210 cohibere
569 1174 805 1223 coeperunt,
828 1169 1014 1224 contigit
1046 1172 1096 1208 ut
1127 1170 1317 1221 ipsorum
1349 1166 1545 1220 exemplo
1577 1168 1621 1205 et

87 1235 160 1274 alii
181 1249 206 1274 a
226 1234 391 1274 fervore
405 1234 646 1274 devotionis
664 1248 748 1273 suae
763 1233 1012 1283 deficerent,
1030 1246 1109 1272 nec
1124 1232 1264 1272 locum
1279 1233 1421 1284 ipsum
1435 1230 1619 1284 amplius

86 1313 203 1338 more
241 1299 364 1338 solito
402 1299 641 1338 visitarent.
704 1297 858 1350 Sicque
900 1296 1062 1336 factum
1097 1300 1176 1347 est,
1203 1300 1254 1335 ut
1286 1296 1361 1348 qui
1397 1295 1536 1348 primo
1566 1294 1619 1333 ad

88 1364 281 1403 studium
313 1363 394 1416 piae
424 1363 605 1402 actionis
636 1362 740 1401 alios
764 1361 907 1401 studio
929 1375 1005 1400 suo
1026 1361 1323 1409 accenderant,
1346 1358 1619 1412 postmodum

87 1441 162 1467 sua
182 1427 344 1467 desidia
365 1440 389 1466 a
411 1427 584 1480 pietatis
606 1439 731 1479 opere
753 1425 1089 1479 quamplurimos
1111 1424 1329 1464 discedere
1351 1427 1568 1478 cogerent.

725 1553 883 1598 Enmus,
901 1553 977 1589 lxii.

177 1631 358 1672 Sanctus
389 1632 536 1684 itaque
567 1629 760 1684 pontifex
790 1634 936 1670 noster
968 1631 1014 1669 in
1044 1629 1202 1684 gaudio
1234 1642 1408 1669 suorum
1441 1631 1485 1668 et
1515 1641 1617 1681 pace

87 1698 278 1752 perfecta
298 1699 460 1748 vivens,
482 1701 527 1737 et
548 1698 692 1737 omnia
722 1710 770 1736 ea
801 1710 896 1749 quae
928 1697 1045 1749 prius
1077 1695 1325 1735 hominibus
1357 1695 1546 1735 defuisse
1578 1695 1617 1734 ei

87 1762 357 1812 videbantur,
398 1775 472 1815 per
515 1761 702 1814 spatium
742 1761 844 1800 anni
886 1764 930 1800 et
971 1760 1141 1800 dimidii
1182 1764 1276 1813 post
1318 1759 1617 1799 infirmitatem

87 1826 213 1880 plene
235 1826 509 1879 perfecteque
542 1825 801 1865 emendavit.
864 1824 975 1864 Nam
1007 1838 1093 1864 non
1124 1824 1263 1863 multo
1293 1827 1486 1876 tempore
1516 1827 1617 1862 ante

88 1890 223 1930 beatae
254 1890 469 1930 memoriae
501 1889 682 1939 obitum,
713 1889 758 1928 in
791 1889 939 1942 Hripis
975 1902 1074 1928 cum
1109 1888 1275 1927 duobus
1305 1886 1531 1927 abbatibus
1574 1891 1619 1925 et

86 1953 290 1993 fratribus
311 1953 433 1993 valde
456 1953 669 2002 fidelibus,
691 1953 890 1992 omnibus
922 1966 1103 1992 numero
1135 1956 1244 2000 octo,
1266 1952 1319 1991 ad
1342 1965 1384 1991 se
1405 1951 1617 1999 invitatis,

87 2016 437 2072 gazophylacium
468 2018 630 2070 aperire
661 2015 931 2055 claviculario
963 2016 1195 2068 praecepit3
1227 2020 1271 2055 et
1302 2028 1428 2054 omne
1464 2028 1617 2053 aurum

89 2084 134 2121 et
173 2084 415 2134 argentum,
457 2094 556 2120 cum
599 2080 814 2133 lapidibus
856 2081 1069 2132 pretiosis,
1111 2081 1156 2118 in
1198 2084 1429 2132 conspectu
1470 2092 1617 2118 eorum

87 2145 300 2198 deponere
318 2159 329 2193 ;
382 2149 426 2184 et
466 2145 511 2184 in
552 2149 736 2197 quatuor
775 2148 918 2197 partes
960 2144 1197 2183 secundum
1239 2157 1365 2183 suum
1400 2142 1616 2195 judicium

87 2208 286 2248 dirimere
322 2208 470 2262 jussit.
532 2208 615 2256 Qui
655 2207 765 2247 nihil
806 2213 1010 2258 moratus,
1052 2211 1265 2261 praecepto
1306 2208 1443 2246 sancti
1484 2208 1618 2260 patris

89 2272 306 2321 obediens,
329 2273 388 2312 sic
404 2272 548 2312 omnia
568 2272 815 2325 complevit.

178 2335 360 2376 Sanctus
382 2335 577 2388 pontifex
598 2339 743 2375 noster
764 2336 816 2375 ad
838 2335 985 2375 fideles
999 2333 1089 2375 haec
1104 2338 1240 2375 testes
1253 2335 1388 2375 dixit:
1412 2337 1423 2357 ‘
1439 2334 1618 2384 Scitote,

88 2399 242 2439 fratres
272 2400 360 2439 mei
391 2399 676 2449 dilectissimi,
708 2400 1015 2452 cogitationem
1046 2412 1200 2448 meam,
1232 2412 1360 2451 quam
1392 2403 1493 2438 ante
1515 2398 1618 2438 olim

89 2464 287 2517 cogitavi,
308 2468 360 2502 ut
393 2463 538 2503 Sancti
560 2463 680 2502 Petri
701 2462 892 2516 Apostoli
927 2463 1071 2503 sedem
1102 2463 1262 2502 iterum
1284 2462 1542 2515 appellarem
1575 2467 1620 2502 et

89 2526 292 2575 viderem,
321 2527 435 2566 unde
466 2526 674 2566 liberatus
695 2525 757 2566 fui
789 2526 1050 2579 frequenter,
1073 2526 1250 2579 Deoque
1282 2526 1453 2566 volente
1486 2527 1619 2565 vitam

89 2602 229 2630 meam
250 2590 338 2629 illic
359 2589 530 2629 finirem
547 2604 558 2638 3
591 2594 634 2630 et
656 2603 788 2629 unam
819 2591 1027 2643 optimam
1059 2603 1110 2629 ex
1132 2588 1198 2629 his
1221 2595 1404 2643 quatuor
1426 2590 1619 2643 partibus

89 2653 141 2693 ad
163 2667 341 2693 munera
371 2652 587 2693 offerenda
609 2666 683 2705 per
714 2653 912 2693 ecclesias
935 2653 1188 2694 Sanctorum
1210 2667 1378 2692 mecum
1393 2653 1618 2702 deducere,

90 2717 284 2770 donaque
319 2720 486 2770 portare
522 2717 575 2756 ad
613 2716 838 2756 ecclesiam
876 2717 1043 2757 Sanctae
1080 2717 1229 2756 Mariae
1262 2717 1412 2755 matris
1446 2716 1618 2756 Domini

163 2807 219 2850 (1)
246 2806 316 2841 His
333 2806 421 2840 shirt
440 2817 540 2841 cures
559 2818 578 2840 a
595 2806 770 2851 paralytic
788 2818 943 2850 woman,
962 2818 983 2841 a
1000 2806 1063 2840 fire
1088 2817 1206 2852 spares
1231 2806 1293 2840 the
1311 2806 1422 2840 house
1440 2805 1476 2839 in
1495 2806 1617 2841 which

90 2858 135 2891 he
154 2859 245 2902 died,
263 2859 324 2893 the
345 2858 557 2893 miraculous
574 2858 666 2903 light
683 2858 866 2896 described
884 2859 931 2905 by
951 2859 1088 2896 Eddius
1106 2859 1224 2893 §hines
1243 2858 1377 2902 around
1396 2858 1450 2893 his
1468 2860 1619 2905 resting-

90 2911 201 2956 place.

1791 144 1850 191 21

1655 283 1809 314 Mitacles.

1656 537 1715 566 His
1730 538 1811 566 smne

1654 577 1757 605 draws

1656 626 1726 644 man
1730 626 1752 653 y

1655 656 1760 692 pcople
1775 659 1808 685 to

1656 695 1769 733 ltipon.

1655 1051 1721 1080 The
1736 1053 1858 1081 crowds

1656 1091 1819 1127 bec-‚ming

1657 1131 1791 1159 trouble-

1656 1178 1741 1198 some
1756 1179 1808 1198 are

1657 1209 1785 1237 restrain
1792 1210 1827 1237 ed
1840 1220 1847 1242 ς

1657 1248 1718 1276 and
1735 1252 1767 1276 at
1782 1249 1842 1277 last

1656 1287 1693 1316 he
1709 1289 1734 1315 is
1750 1297 1824 1326 neg-

1655 1327 1766 1356 lected.

1654 1649 1721 1670 ΑΛ).
1737 1641 1803 1670 wi).

1655 1696 1800 1725 wilfrith

1654 1737 1792 1774 disposes
1807 1736 1842 1764 of

1655 1776 1703 1804 his
1719 1775 1815 1809 goods

1654 1821 1687 1844 at
1704 1816 1818 1853 Ripou.

1657 2344 1717 2374 His
1729 2345 1855 2374 addrcss

1655 2386 1687 2412 to
1703 2385 1754 2413 the

1655 2423 1814 2453 brethren.

1656 2664 1742 2694 Gifts

1654 2704 1702 2732 for
1717 2704 1770 2733 the

1654 2744 1806 2772 cllurches
1826 2743 1861 2773 of
