1935 3151
73 795 144 824 Oct.
161 795 212 830 ρο,

74 835 160 863 1341.

73 988 231 1019 Collation

73 1029 107 1057 of
125 1029 178 1057 the

72 1068 209 1104 hospital

72 1106 115 1144 by
131 1107 234 1144 king's

71 1146 182 1181 father,

73 1185 208 1214 Edward
216 1185 271 1218 11..

71 1226 104 1252 to
114 1224 225 1262 Henry
233 1225 270 1254 de

72 1262 232 1299 Shirokes,

70 1302 150 1340 May
166 1303 216 1339 23,

72 1342 160 1370 1324.

71 1753 92 1783 J
96 1754 248 1791 udgment

72 1793 106 1822 of
124 1794 188 1845 the,

191 1842 205 1862 s

790 163 1066 197 MEMORIALS
1101 164 1160 197 OF
1195 164 1354 198 RIPON.

305 275 553 317 habendum
574 277 627 317 ad
648 279 785 317 totam
806 277 940 317 vitam
960 276 1095 329 ipsius
1117 276 1310 326 Henrici‚
1333 289 1408 329 per
1433 276 1545 329 quod
1567 277 1703 330 liquet
1723 277 1838 331 quod

305 341 371 380 illi
411 341 569 394 quibus
609 340 857 394 hujusmodi
899 338 1129 392 hospitalia
1169 340 1463 380 conceduntur
1502 353 1578 393 per
1617 341 1838 381 ministros

304 409 472 445 nostros
514 408 558 445 et
589 419 675 445 non
706 418 782 457 per
813 403 1076 443 ordinarium
1108 403 1270 443 debent
1300 404 1476 452 induci3
1508 403 1610 454 Nos,
1640 404 1837 445 nolentes

305 469 472 509 dictum
492 469 719 523 negocium
740 471 914 521 propter
934 466 1183 520 hujusmodi
1197 467 1440 508 dubietates
1456 467 1603 508 taliter
1617 468 1837 519 retardari,

306 533 425 573 vobis
458 533 714 572 mandamus
743 531 871 584 quod,
894 530 1042 571 habito
1079 545 1207 584 super
1239 534 1388 572 tenore
1424 532 1628 585 praedicto
1665 536 1710 572 et
1742 532 1838 572 aliis

305 597 533 649 praemissis
550 597 814 636 avisamento
827 595 1217 649 pleniori,ulterius
1234 595 1287 635 ad
1295 595 1511 649 judicium
1525 609 1649 648 super
1661 596 1838 649 negocio

305 660 508 713 praedicto
528 660 795 700 reddendum
824 673 922 699 cum
951 659 1068 698 omni
1100 659 1320 699 celeritate
1351 673 1435 712 qua
1465 660 1662 712 poteritis
1693 673 1838 712 proce-

305 724 431 773 datis,
452 728 580 777 prout
601 724 653 763 de
669 723 767 777 jure
790 723 835 763 et
858 723 1095 763 secundum
1115 723 1258 778 legem
1280 726 1325 763 et
1346 723 1702 763 consuetudinem
1715 724 1839 778 regni

304 789 440 828 nostri
476 787 644 841 Angliae
675 787 809 827 fuerit
841 787 1100 827 faciendum.
1162 788 1289 827 Teste
1320 801 1390 827 me
1423 788 1515 841 ipso
1547 787 1661 840 apud
1693 787 1838 828 West-

304 852 629 902 monasterium,
651 865 704 891 xx
725 851 795 891 die
819 851 1028 900 Octobris,
1054 865 1166 891 anno
1182 851 1306 905 regni
1328 852 1465 891 nostri
1480 851 1648 905 Angliae
1665 851 1839 904 quinto-

305 916 485 966 decimo,
507 916 631 970 regni
652 929 751 955 vero
772 916 909 955 nostri
930 915 1122 955 Franciae
1145 915 1345 956 secundo.

394 980 533 1020 Tenor
553 979 794 1019 collacionis
816 978 1041 1032 hospitalis
1063 979 1209 1019 Beatae
1230 979 1379 1019 Mariae
1400 979 1668 1033 Magdalenae
1685 978 1838 1032 Ripon’

304 1042 426 1083 factae
462 1043 653 1083 Henrico
694 1042 748 1083 de
786 1041 987 1083 Shirokes
1023 1057 1099 1096 per
1135 1043 1359 1082 dominum
1391 1042 1662 1094 Edwardum,
1699 1056 1837 1096 nuper

305 1106 470 1161 Regem
491 1107 672 1161 Angliae,
693 1110 862 1161 patrem
882 1107 1046 1146 domini
1068 1107 1201 1161 Regis
1222 1120 1351 1158 nunc,
1374 1107 1426 1147 de
1458 1121 1542 1161 quo
1566 1107 1613 1146 in
1634 1107 1837 1161 praedicto

303 1171 424 1212 brevi
444 1171 494 1211 fit
514 1172 695 1223 mencio,
717 1174 838 1225 patet
857 1172 903 1210 in
920 1170 1009 1211 haec
1031 1172 1173 1211 verba.

393 1235 485 1275 Rex
506 1235 705 1276 omnibus
722 1236 774 1276 ad
791 1249 896 1288 quos
915 1238 995 1275 etc.
1014 1235 1211 1276 salutem.
1264 1235 1417 1276 Sciatis
1439 1236 1552 1289 quod
1572 1236 1769 1276 dedimus
1791 1237 1837 1276 et

305 1300 591 1340 concessimus
613 1300 771 1340 dilecto
792 1299 944 1339 clerico
975 1303 1120 1339 nostro
1151 1300 1339 1340 Henrico
1370 1300 1424 1340 de
1459 1298 1673 1350 Shirokes,
1696 1303 1837 1340 custo-

303 1363 418 1403 diam
447 1362 670 1417 hospitalis
701 1364 846 1403 Beatae
877 1364 1026 1403 Mariae
1057 1364 1328 1418 Magdalenae
1359 1364 1412 1404 de
1444 1363 1612 1416 Ripon’,
1628 1364 1835 1413 vacantis,

305 1430 349 1466 et
374 1426 427 1466 ad
448 1431 640 1466 nostram
668 1427 947 1466 donacionem
979 1428 1212 1480 spectantis
1243 1428 1411 1467 racione
1433 1426 1835 1480 Archiepiscopatus

304 1490 431 1530 Ebor,
464 1491 653 1530 vacantis
686 1494 728 1530 et
760 1491 807 1530 in
838 1504 970 1530 manu
1000 1494 1145 1530 nostra
1176 1491 1418 1540 existentis,
1455 1490 1695 1531 habendam
1736 1505 1836 1531 cum

305 1554 505 1594 omnibus
537 1554 590 1593 ad
623 1554 863 1594 custodiam
895 1554 1014 1594 illam
1048 1555 1340 1608 spectantibus
1371 1556 1424 1595 ad
1454 1558 1592 1595 totam
1611 1555 1747 1595 vitam
1768 1555 1834 1608 ip-

306 1618 393 1657 sius
415 1618 608 1658 Henrici.
669 1618 723 1658 In
744 1618 866 1671 cujus
888 1619 965 1669 rei,
988 1622 1070 1659 etc.
1122 1619 1342 1667 Teste⁴me
1363 1620 1456 1673 ipso
1486 1619 1600 1672 apud
1624 1620 1834 1660 Westmo-

305 1682 543 1721 nasterium
563 1681 664 1735 xxiij
682 1682 752 1722 die
774 1682 895 1732 Maii,
916 1696 1029 1722 anno
1050 1683 1173 1737 regni
1194 1683 1328 1722 nostri
1350 1683 1529 1723 decimo.

395 1745 615 1786 Praetextu
642 1745 765 1800 cujus
791 1746 945 1796 brevis,
973 1747 1179 1800 inspectis
1208 1751 1253 1787 et
1280 1745 1555 1802 dilige(nter)
1583 1747 1835 1787 examinatis

305 1809 478 1849 recordo
511 1813 557 1849 et
589 1823 788 1863 processu
819 1810 1052 1863 praedictis,
1086 1813 1131 1850 et
1164 1809 1312 1851 habito
1348 1825 1475 1864 super
1508 1811 1669 1851 eisdem
1700 1811 1836 1851 avisa-

305 1876 454 1912 mento
495 1873 689 1926 pleniori,
731 1877 1001 1927 compertum
1042 1877 1109 1914 est
1158 1874 1205 1913 in
1247 1875 1410 1914 eisdem
1450 1875 1565 1928 quod
1605 1875 1835 1928 praedictus

305 1935 563 1992 Robert(us)
598 1938 651 1978 de
693 1937 893 1991 Otteleye
935 1951 1076 1978 coram
1116 1938 1291 1978 domino
1332 1939 1450 1993 Rege
1491 1939 1537 1978 in
1579 1938 1836 1979 Cancellaria

305 2013 394 2050 sua,
425 2000 529 2040 alias
559 2000 864 2054 implacitando
895 2002 1097 2055 cognovit
1128 2015 1171 2041 se
1204 2015 1295 2042 esse
1326 2002 1497 2052 laicum,
1518 2016 1708 2042 asserens
1739 2000 1836 2042 hos-

303 2063 438 2116 pitale
478 2064 733 2116 praedictum
774 2068 820 2104 et
860 2066 1003 2105 omnia
1042 2065 1096 2105 ad
1137 2065 1245 2105 illud
1278 2066 1545 2119 pertinencia
1583 2066 1836 2119 temporalia

305 2128 487 2167 existere
509 2130 554 2167 et
575 2127 760 2167 decimas
785 2142 860 2168 seu
883 2129 1121 2181 spiritualia
1133 2129 1275 2183 aliqua
1290 2129 1343 2169 ad
1359 2130 1610 2182 praedictum
1623 2129 1834 2183 hospitale

303 2190 554 2230 nullatenus
576 2192 809 2245 pertinere,
832 2195 878 2231 et
898 2192 951 2232 de
972 2191 1051 2232 hoc
1084 2206 1127 2232 se
1158 2193 1303 2246 posuit
1332 2193 1378 2232 in
1403 2193 1594 2246 juratam
1615 2194 1762 2247 patriae
1782 2196 1835 2233 ut

303 2255 558 2307 praedictum
571 2258 652 2295 est.
704 2256 761 2295 Et
774 2255 1062 2309 postmodum,
1077 2256 1295 2309 pendente
1311 2256 1457 2308 jurata
1471 2257 1672 2309 praedicta
1687 2271 1832 2297 versus

303 2331 403 2357 eum
424 2317 524 2358 inde
547 2319 765 2371 capienda,
786 2333 862 2372 per
882 2319 1098 2372 quandam
1119 2320 1448 2372 inquisicionem
1476 2333 1618 2359 coram
1646 2320 1832 2373 praefatis

302 2381 468 2420 Abbate
518 2382 570 2421 de
622 2382 848 2433 Fontibus,
891 2382 1086 2423 Johanne
1127 2383 1179 2423 de
1220 2382 1478 2433 Wodehous,
1520 2384 1739 2424 Francone
1780 2385 1832 2424 de

303 2444 516 2497 Bameby,
554 2448 600 2484 et
632 2444 795 2485 Thoma
828 2447 880 2486 de
916 2446 1081 2497 Salcok,
1117 2446 1170 2486 ad
1203 2445 1414 2500 hospitale
1450 2447 1703 2500 praedictum
1729 2448 1831 2487 visi-

302 2507 485 2547 tandum
516 2521 592 2561 per
624 2509 847 2548 dominum
879 2509 1045 2563 Regem
1087 2511 1331 2563 assignatis,
1365 2511 1481 2550 inter
1524 2514 1677 2550 caetera
1719 2525 1833 2550 com-

302 2574 474 2623 pertum
496 2571 566 2620 sit,
588 2572 702 2624 quod
722 2573 976 2624 praedictum
998 2572 1251 2629 hospit(ale)
1272 2574 1460 2624 dotatur,
1483 2574 1536 2614 de
1557 2575 1690 2614 tercia
1710 2577 1831 2627 parte

303 2634 477 2674 decimae
497 2635 724 2688 garbarum
746 2635 928 2675 duarum
960 2637 1201 2690 placearum
1223 2641 1347 2678 terrae
1375 2638 1546 2678 arabilis
1568 2639 1757 2677 manerio
1779 2639 1832 2678 de

302 2696 503 2737 Whitclif
520 2699 853 2751 pertinencium,
871 2713 964 2752 quae
982 2704 1187 2740 vocantur
1202 2701 1483 2754 Gyrardleyes
1505 2705 1550 2741 et
1571 2699 1830 2751 Thikelond,

303 2763 348 2799 et
379 2762 491 2814 quod
514 2766 656 2802 custos
688 2761 910 2815 hospitalis
942 2765 1134 2816 praedicti
1166 2765 1240 2818 qui
1271 2779 1347 2818 pro
1377 2768 1570 2818 tempore
1591 2764 1724 2804 fuerit
1745 2778 1830 2804 non

302 2824 429 2863 solvit
449 2826 634 2865 decimas
656 2826 884 2879 garbarum
904 2827 957 2867 de
979 2829 1104 2868 terris
1127 2830 1214 2868 suis
1236 2829 1288 2868 ad
1310 2830 1579 2883 mesuagium
1601 2829 1653 2868 de
1669 2829 1832 2868 Haver-

301 2887 422 2936 croft,
445 2890 557 2941 quod
580 2894 645 2929 est
667 2890 859 2943 praedicti
881 2891 1104 2944 hospitalis
1126 2893 1362 2945 pertinens,
1379 2906 1456 2933 nec
1473 2893 1525 2932 de
1547 2896 1667 2945 prato
1689 2892 1830 2932 eidem
