1935 3151
77 167 171 214 226
790 176 1066 211 MEMORIALS
1101 177 1160 211 or
1195 176 1354 212 Ru’oN.

397 290 496 331 Dat.
518 290 673 345 Ripon'
694 290 764 331 die
787 293 832 330 et
853 302 964 330 anno
986 289 1257 343 supradictis.

397 354 466 396 On
488 368 518 396 α
538 353 628 411 slip
650 352 865 396 attached.

74 431 250 461 Examina-
394 419 448 460 In
469 419 731 460 Visitaoione
760 418 872 458 facta
902 431 978 471 per
1008 417 1145 458 dictos
1174 417 1403 468 Abbatem,
1426 416 1454 458 J
1457 414 1685 467 ohannem,
1707 416 1841 458 Fran-

74 472 262 541 ssss‘gsst‘glffhe
306 497 472 535 eonem,
495 487 539 524 et
570 483 791 533 Thoniam,
823 483 869 522 in
901 481 1106 535 hospitali
1137 482 1353 535 praedicto,
1375 481 1445 521 die
1478 483 1523 520 et
1553 493 1665 520 anno
1694 495 1840 534 supra-

304 548 447 598 dietis,
478 551 626 589 vocato
657 548 773 588 dioto
804 545 1002 588 Johanne
1033 546 1257 599 magistro,
1284 548 1330 585 et
1360 545 1591 599 diligenter
1621 557 1696 597 per
1725 546 1838 598 ipsos

307 626 434 665 super
455 612 671 652 contentis
693 612 739 651 in
770 610 1055 664 inquisicione
1086 609 1290 663 praediota
1319 609 1567 663 requisitus,
1589 608 1695 649 dicit
1726 610 1839 663 quod

305 689 391 716 non
429 679 531 716 sunt
561 676 622 716 ibi
654 675 808 715 fratres
836 688 917 714 neo
950 687 1125 724 sorores,
1155 687 1235 714 neo
1266 674 1402 713 credit
1432 672 1546 726 quod
1577 675 1753 713 tenetur
1785 674 1838 713 ad

304 740 614 781 inveniendum
636 740 824 793 aliquem
855 738 1125 792 capellanum
1148 741 1302 792 praeter
1333 751 1485 788 unum,
1507 750 1586 777 nec
1606 737 1840 790 praedeees-

305 818 418 845 sores
441 805 507 845 sui
528 804 804 845 tenebantur.
867 802 1014 852 Quoad
1035 802 1131 853 alia,
1154 803 1291 842 credit
1312 802 1424 855 quod
1446 802 1552 841 dicti
1568 800 1705 855 jurati
1727 802 1837 842 bene

304 868 520 920 dixerunt,
555 872 732 922 excepto
766 868 818 908 de
854 868 995 922 precio
1031 867 1213 907 manerii
1246 867 1299 907 de
1335 866 1552 920 Stodeley,
1586 866 1700 920 quod
1733 866 1839 907 dicit

303 934 416 986 quod
436 946 523 975 non
544 933 658 974 valet
678 933 763 974 nisi
784 932 934 973 decem
954 945 1132 972 mareas.

361 1079 518 1116 CXVII.
549 1079 605 1114 IN
638 1079 742 1114 THE
775 1078 985 1114 MATTER
1017 1078 1080 1114 OF
1114 1076 1181 1114 ST.
1217 1077 1367 1113 MARY
1400 1077 1773 1113 MAGDALENE'S.

413 1152 509 1197 (MS.
526 1151 661 1188 P.R.o.
681 1151 819 1187 Placz'ta
836 1163 953 1186 eoram
970 1151 1075 1196 Reqe.
1126 1150 1171 1185 19
1188 1150 1292 1185 Edw.
1311 1149 1382 1184 ΙΙΙ.
1400 1149 1529 1185 Michs.
1548 1150 1615 1184 roll
1633 1150 1723 1195 45.)¹

68 1251 237 1280 A„4345
389 1232 599 1274 Dominus
622 1233 714 1273 Rex
743 1224 966 1273 mandavit
985 1230 1205 1271 Willelmo
1238 1230 1351 1271 Seot’
1382 1232 1427 1271 et
1459 1231 1582 1272 sociis
1615 1232 1702 1272 suis
1734 1231 1835 1273 Jus-

67 1289 146 1328 July
163 1292 209 1352 {5·
229 1346 236 1359 ‚
298 1298 493 1348 tioiariis,
515 1301 596 1338 ete.
619 1297 748 1338 breve
772 1311 898 1338 suum
920 1295 990 1336 hio
1011 1297 1057 1336 in
1078 1294 1169 1336 haec
1190 1295 1333 1336 verba.

66 1345 132 1375 The
147 1346 254 1385 kmgs
387 1362 634 1412 Edwardus,
655 1361 735 1402 Dei
766 1362 908 1416 gracia
938 1361 1030 1401 Rex
1060 1360 1228 1414 Angliae
1261 1363 1306 1400 et
1335 1359 1526 1400 Franoiae
1558 1363 1603 1400 et
1634 1360 1835 1401 dominus

65 1386 214 1415 mandate

67 1425 114 1453 for
130 1425 185 1454 ‘¹¹⁹¹
298 1426 536 1477 Hiberniae,
559 1426 729 1466 dilectis
751 1429 796 1466 et
816 1425 1016 1465 fidelibus
1040 1425 1127 1465 suis
1148 1424 1368 1464 Wfllelmo
1391 1423 1503 1464 Soot'
1520 1427 1564 1464 et
1587 1426 1710 1465 sociis
1732 1425 1832 1476 suis,

63 1466 259 1534 gtosslffiilinssn
298 1490 559 1532 Justioiariis
589 1490 747 1529 nostris
779 1490 832 1529 ad
863 1489 1020 1542 placita
1050 1501 1190 1528 coram
1221 1488 1343 1528 nobis
1374 1488 1562 1528 tenenda
1591 1489 1833 1542 assignatis,

67 1542 184 1573 Smale.
298 1555 497 1595 salutem.
560 1554 784 1603 Quandam
812 1553 1142 1606 inquisicionem
1173 1565 1312 1592 coram
1344 1550 1509 1591 Thoma
1536 1552 1588 1592 de
1620 1552 1833 1592 Fenootes

295 1622 340 1659 et
361 1619 549 1659 Roberto
570 1619 623 1658 de
645 1616 887 1658 Midelham
908 1617 961 1657 de
984 1616 1189 1657 mandato
1209 1618 1357 1656 nostro
1378 1618 1549 1669 captam
1581 1618 1630 1655 et·
1656 1617 1702 1655 in
1725 1616 1833 1657 Can-

62 1696 114 1725 An
131 1696 261 1735 inquisi-
294 1683 464 1723 cellaria
504 1686 650 1723 nostra
689 1684 970 1732 retornatam,
1011 1681 1131 1722 vobis
1172 1680 1392 1720 mittimus
1434 1680 1512 1720 sub
1553 1680 1662 1733 pede
1699 1681 1832 1734 sigilli

63 1737 261 1812 ξᾷζξῂιῇῗξζῖ
293 1748 445 1798 nostri,
467 1747 723 1787 mandantes
745 1749 810 1797 ut,
832 1746 1024 1799 inspecta
1039 1745 1322 1797 inquisicione
1343 1744 1558 1797 praedicta,
1572 1744 1754 1785 ulterius
1777 1745 1831 1785 ad

63 1815 202 1845 follows:
293 1812 642 1865 proseouoionem
684 1810 833 1850 dilecti
866 1810 1009 1850 cleriei
1042 1809 1179 1849 nostri
1216 1807 1426 1849 Johannis
1460 1807 1500 1847 le
1533 1807 1706 1848 Smale²
1736 1808 1830 1848 fieri

292 1876 459 1916 faciatis
496 1875 609 1929 quod
638 1875 690 1914 de
723 1873 821 1928 jure
857 1876 902 1913 et
938 1874 1175 1914 seeundum
1210 1873 1353 1926 legem
1390 1875 1436 1912 et
1468 1873 1829 1912 consuetudinem

292 1940 416 1993 regni
457 1940 594 1980 nostri
625 1939 793 1993 Angliae
834 1938 966 1978 fuerit
1005 1937 1264 1978 faciendum.
1325 1937 1454 1976 Teste
1495 1936 1700 1976 Leonello
1740 1936 1829 1976 filio

292 2007 438 2044 nostro
469 2004 700 2053 carissimo,
722 2003 899 2043 custode
921 2002 1102 2056 Angliae,
1125 2001 1238 2054 apud
1263 1999 1497 2053 Suthwyk’,
1519 2013 1573 2039 xv
1602 2001 1671 2040 die
1705 2000 1733 2040 J
1735 2000 1828 2051 ulii,

293 2080 404 2107 anno
424 2067 549 2122 regni
570 2068 708 2108 nostri
729 2067 897 2122 Angliae
912 2067 1076 2107 decimo
1092 2079 1219 2117 nono,
1233 2065 1357 2120 regni
1370 2078 1470 2105 vero
1486 2065 1623 2104 nostri
1638 2064 1828 2104 Franoiae

295 2134 428 2172 sexto.

63 2214 215 2244 Commis-
383 2195 635 2237 Commissio
669 2196 830 2236 directa
865 2195 1022 2236 Abbati
1055 2194 1107 2235 de
1144 2193 1372 2244 Fontibus,
1401 2192 1581 2233 Ricardo
1617 2192 1670 2231 de
1699 2191 1828 2232 Alde-

63 2254 245 2323 ῗᾶῗξζπξζοῒξθ
293 2259 475 2313 burghe,
497 2260 525 2301 J
528 2258 687 2300 ohanni
718 2260 771 2301 de
793 2258 1051 2310 Wodehous‚
1073 2259 1280 2312 magistro
1311 2256 1500 2298 Johanni
1531 2257 1582 2296 de
1607 2254 1826 2306 Crakhale,

64 2332 238 2362 Fountains
294 2323 467 2364 Thomae
489 2325 541 2364 de
559 2325 783 2375 Fenootes,
798 2327 843 2364 et
859 2324 1048 2365 Roberto
1064 2323 1118 2363 de
1134 2321 1418 2371 Middelham,
1435 2321 1488 2361 ad
1504 2320 1825 2374 inquirendum,

62 2372 213 2440 Ξξῖζίρξνῗο
296 2389 492 2442 sequitur
512 2389 559 2428 in
580 2387 670 2429 haeo
691 2389 833 2429 verba.

64 2450 159 2517 2¹¹1lessss
170 2459 222 2479 en·
383 2451 631 2502 Edwardus,
652 2453 733 2492 Dei
755 2453 896 2506 gracia
927 2452 1018 2491 Rex
1049 2450 1218 2505 Angliae
1250 2452 1296 2490 et
1326 2448 1518 2489 Franoiae
1551 2450 1595 2488 et
1626 2448 1825 2487 dominus

63 2501 254 2567 ‹inteil’Aug
296 2515 531 2566 Hiberniae,
555 2516 723 2556 dilectis
746 2519 792 2555 et
812 2516 1010 2556 fidelibus
1034 2515 1120 2555 suis
1142 2513 1300 2554 Abbati
1321 2513 1374 2553 de
1396 2511 1623 2562 Fontibus,
1645 2511 1826 2551 Ricardo

64 2568 214 2604 20,1342.
296 2581 348 2620 de
385 2579 675 2634 Aldebmghe,
712 2578 901 2621 Johanni
936 2580 989 2620 de
1024 2578 1284 2628 VVodehous,
1317 2577 1522 2631 magistro
1553 2575 1741 2617 Johanni
1772 2575 1824 2615 de

371 2675 426 2718 (1)
455 2674 489 2708 A
508 2673 579 2708 few
596 2673 686 2709 lines
702 2674 794 2708 from
812 2674 884 2708 this
909 2674 1099 2709 document
1118 2685 1175 2708 are
1192 2672 1332 2720 printed
1349 2672 1386 2706 in
1406 2671 1468 2706 the
1485 2670 1611 2705 second
1630 2669 1772 2705 volume
1789 2667 1830 2703 of

297 2726 358 2760 the
376 2727 597 2760 Monastz'con
616 2726 655 2760 of
678 2727 766 2760 1661
772 2753 781 2770 ,
798 2738 830 2772 p.
849 2727 930 2761 380.

371 2779 427 2823 (2)
455 2778 540 2813 This
564 2778 707 2813 clerica]
732 2779 958 2822 adventui-er,
977 2778 1082 2824 being
1107 2778 1253 2823 already
1278 2788 1299 2812 a
1325 2787 1437 2811 canon
1455 2775 1494 2810 of
1515 2774 1635 2821 Ripon
1657 2774 1726 2808 and
1748 2784 1826 2819 pre-

297 2830 456 2876 bondary
473 2831 513 2865 of
534 2831 696 2877 Studley,
713 2831 782 2866 had
800 2832 922 2865 letters
939 2831 1127 2876 dimissory
1144 2830 1235 2865 from
1251 2828 1477 2874 Archbishop
1490 2828 1628 2862 Melton
1646 2831 1684 2861 to
1702 2825 1824 2860 obtain

296 2882 385 2916 both
403 2882 517 2918 minor
535 2883 604 2918 and
624 2883 707 2930 holy
724 2883 855 2928 orders,
872 2883 949 2919 Oct.
969 2884 1026 2926 28,
1046 2882 1263 2918 1324.—See
1281 2882 1366 2927 Req.
1382 2881 1528 2924 Mdton,
1544 2879 1669 2923 below,
1688 2881 1726 2912 at
1742 2877 1824 2912 that

298 2935 389 2969 date.
