1915 3068
68 149 129 196 74

66 278 242 308 Undutisul

64 327 150 348 sons.

64 666 131 696 The
151 666 242 695 arch-

65 706 174 743 bishop
196 706 228 734 of

65 745 150 773 York
170 747 224 773 has

65 794 106 813 no
125 785 264 821 superior

64 825 97 852 in
113 823 254 860 spiritual

64 863 173 900 things
188 872 241 892 ex-

64 907 135 938 ccpt
149 902 203 931 the

65 950 150 979 pope.

65 1571 114 1600 No
129 1580 186 1600 one
201 1573 233 1600 to

64 1612 174 1648 nppcal
193 1615 224 1640 to

65 1651 196 1679 Canter-

66 1689 158 1728 bury.

66 2195 234 2230 I‘cnalties.

775 162 1050 195 MEMORIALS
1084 163 1142 195 OF
1178 162 1335 196 RIPON.

387 272 536 327 Exigit
570 287 867 327 perversorum
900 273 1088 327 maligna
1118 275 1388 328 protervitaS,
1421 274 1495 327 qui
1527 275 1725 327 captiosis
1757 275 1823 314 in—

300 335 419 375 sidiis
450 341 666 378 maternas
697 338 818 387 lares,
840 338 1117 390 quantumin
1149 338 1210 378 eis
1242 341 1323 387 est,
1353 338 1615 390 deprimunt,
1636 338 1825 378 lacerant

298 399 512 452 funditus,
535 405 581 441 et
603 402 876 452 subvertunt,
897 404 949 440 ut
978 402 1327 454 competentibus
1357 401 1559 441 remediis
1590 403 1823 442 eorundem

297 463 537 505 refraenatis
570 466 748 505 malitiis
773 466 1126 518 circumspectius
1161 466 1408 514 obviemus3
1439 466 1694 518 praesertim,
1726 480 1824 511 cum

299 541 370 568 eos
390 529 496 569 adeo
518 530 862 570 subumbraverit
882 531 1062 580 caecitas,
1084 530 1197 583 quod
1217 530 1430 583 propriam
1447 532 1493 569 et
1507 530 1824 582 irreparabilem

297 593 467 632 ruinam
488 607 574 633 non
597 595 807 644 sentiunt,
828 593 934 633 dum
954 597 1140 634 matrem
1171 594 1430 634 confundere
1450 593 1630 647 cupiunt
1652 597 1697 634 et
1717 608 1824 647 prae-

299 660 490 698 sumunt.
554 657 661 698 Cum
683 659 831 711 itaque
853 658 1043 697 Eborum
1074 656 1442 710 Archiepiscopus,
1463 657 1629 710 Angliae
1649 659 1823 711 primas,

297 724 452 772 praeter
477 721 720 760 Romanum
754 721 1018 774 pontificem,
1043 721 1089 760 in
1119 721 1412 774 spiritualibus
1444 721 1706 774 superiorem
1737 736 1823 762 non

297 783 466 835 habeat,
488 798 535 824 ac
564 786 655 837 ipsa
684 788 823 825 mater
854 785 1043 825 Eborum
1075 785 1252 825 ecclesia
1282 783 1440 824 honore
1471 785 1682 837 primatiae
1703 786 1824 825 illus-

296 851 451 899 tretur,
493 850 679 903 gaudeat
719 849 905 902 plenius,
946 852 997 888 ut
1038 852 1104 888 est
1143 852 1326 897 notum3
1357 848 1436 888 hac
1477 862 1592 888 sacra
1632 850 1824 902 synodali

296 913 607 953 constitutione
635 914 813 967 proinde
839 914 1040 953 duximus
1074 914 1365 964 statuendum,
1388 917 1438 952 ut
1461 913 1606 952 nullus
1632 914 1824 964 clericus,

296 977 365 1016 vel
407 977 555 1027 laicus,
598 978 813 1027 secularis,
855 978 924 1017 vel
971 977 1210 1030 religiosus,
1253 991 1329 1017 seu
1374 977 1506 1016 etiam
1558 991 1823 1031 quaecunque

296 1041 571 1091 universitas,
603 1041 897 1095 cujuscunque
927 1042 983 1080 sit
1013 1041 1256 1094 dignitatis,
1288 1040 1429 1090 officii,
1462 1043 1613 1091 status,
1646 1042 1823 1091 ordinis,

297 1104 584 1156 professionis,
607 1105 675 1144 vel
706 1106 841 1145 etiam
872 1104 1143 1155 conditionis,
1175 1105 1221 1144 in
1252 1118 1392 1154 causa,
1423 1103 1517 1153 lite,
1540 1104 1607 1143 vel
1634 1106 1824 1158 negotio,

296 1167 589 1221 cujuscunque
611 1169 672 1208 rei
693 1169 882 1219 nomine,
905 1168 972 1208 vel
994 1169 1129 1221 ipsius
1152 1169 1384 1218 occasione,
1407 1168 1452 1207 in
1474 1168 1630 1207 nostris
1652 1169 1824 1208 dioecesi

297 1232 365 1271 vel
386 1233 603 1285 provincia
624 1233 850 1272 existentis
873 1233 930 1271 sit
951 1233 1226 1282 constitutus,
1249 1232 1317 1272 vel
1340 1233 1472 1271 etiam
1493 1232 1539 1271 in
1570 1245 1823 1286 quacunque

296 1296 381 1336 alia
401 1310 526 1336 causa
548 1297 615 1336 vel
635 1297 823 1351 negotio,
841 1296 939 1349 jure
962 1296 1257 1349 cujuscunque
1277 1297 1472 1346 actionis,
1494 1296 1629 1335 officio
1645 1295 1822 1349 judicis,

297 1374 373 1400 seu
394 1361 543 1413 quovis
575 1360 658 1400 alio
683 1360 819 1400 colore
848 1364 1006 1408 motus,
1028 1374 1122 1413 quae
1150 1360 1217 1399 vel
1248 1360 1361 1413 quod
1382 1374 1433 1400 ex
1463 1364 1607 1399 nostra
1636 1361 1824 1411 dioecesi,

296 1424 363 1463 vel
384 1424 601 1476 provincia
622 1422 758 1463 trahit
779 1424 1002 1477 originem,
1026 1437 1103 1463 seu
1131 1423 1424 1477 cujuscunque
1449 1424 1622 1463 nomine
1644 1438 1755 1474 reus,
1777 1425 1823 1464 in

296 1488 452 1527 nostris
474 1488 646 1527 dioecesi
668 1487 735 1527 vel
757 1488 972 1540 provincia
993 1487 1134 1527 forum
1157 1488 1298 1527 sortiri
1313 1488 1485 1540 poterit,
1502 1501 1671 1540 quoquo
1685 1489 1824 1538 modo,

297 1564 551 1604 quocunque
593 1551 683 1591 loco
725 1551 810 1605 agi,
853 1551 921 1590 vel
964 1551 1182 1590 conveniri
1224 1551 1466 1604 contigerit,
1508 1551 1671 1590 curiam
1713 1550 1824 1592 Can-

296 1615 558 1654 tuariensem
580 1629 655 1668 pro
678 1615 863 1654 tuitione
896 1615 1045 1667 ipsius,
1068 1614 1136 1654 vel
1168 1614 1285 1664 alias,
1308 1615 1470 1654 directe
1501 1614 1570 1654 vel
1600 1615 1823 1665 indirecte,

297 1692 370 1731 per
412 1691 455 1718 se
486 1678 553 1717 vel
585 1692 660 1731 per
691 1678 838 1727 alium,
883 1691 957 1717 suo
998 1678 1172 1717 nomine
1214 1678 1281 1717 vel
1322 1678 1461 1717 alieno
1502 1681 1716 1731 provocet,
1757 1678 1824 1718 vel

296 1741 496 1795 appellet,
519 1756 595 1782 seu
616 1741 929 1795 archiepiscopo
953 1741 1264 1792 Cantuariensi,
1286 1741 1452 1781 officiali
1467 1741 1659 1795 ejusdem
1679 1743 1823 1792 curiae,

297 1805 365 1845 vel
393 1806 525 1845 etiam
561 1806 803 1858 cuicunque
836 1806 922 1856 alii,
957 1806 1214 1845 auctoritate
1248 1805 1428 1858 alicujus
1462 1819 1623 1856 eorum,
1652 1820 1738 1845 non
1771 1820 1823 1846 ex

297 1869 569 1923 delegatione
591 1870 822 1922 apostolica
845 1869 1107 1922 procedenti,
1129 1870 1174 1908 in
1196 1868 1443 1922 hujusmodi
1464 1869 1823 1922 appellationibus

299 1947 374 1973 seu
395 1934 767 1986 provocationibus
788 1933 960 1973 obediat
991 1934 1292 1986 quovismodo:
1328 1947 1402 1972 seu
1423 1934 1625 1973 mandata
1644 1933 1824 1987 alicujus

298 1997 615 2049 praedictorum,
637 1997 930 2051 cujuscunque
961 1998 1122 2037 tenoris
1155 1998 1355 2048 existant,
1377 1997 1618 2050 aliqualiter
1640 2011 1824 2050 exequa-

298 2065 382 2100 tur.
445 2061 528 2108 Qui
549 2062 725 2114 quidem
754 2062 1017 2101 contrarium
1044 2061 1226 2101 fecerint
1250 2062 1296 2101 in
1324 2061 1467 2114 aliquo
1495 2062 1824 2114 praemissorum,

298 2125 365 2164 vel
387 2125 549 2164 eisdem
572 2125 682 2165 facto
704 2125 771 2165 vel
794 2126 921 2165 verbo
942 2126 1249 2175 consenserint,
1271 2125 1510 2175 consilium,
1532 2125 1598 2164 vel
1615 2126 1824 2164 auxilium

299 2189 593 2242 praestiterint,
616 2189 754 2241 poenis
777 2187 1025 2241 subjaceant
1047 2188 1342 2241 infrascriptis.
1417 2189 1461 2228 81
1483 2188 1625 2228 clerici
1647 2188 1824 2238 fu’erint,

299 2259 345 2292 et
366 2253 580 2306 dignitate
603 2253 784 2305 praediti,
806 2252 874 2292 vel
896 2253 941 2291 in
963 2252 1098 2291 officio
1120 2252 1360 2302 constituti,
1382 2252 1522 2291 locum
1536 2252 1763 2305 dignitatis
1779 2255 1826 2292 et

299 2315 485 2355 officium
507 2316 725 2365 amittant,
749 2320 794 2356 et
815 2315 922 2355 fiant
942 2315 1171 2370 illegibiles
1193 2315 1285 2368 ipso
1307 2315 1434 2355 facto.
1497 2314 1543 2355 81
1569 2314 1673 2354 alias
1694 2315 1824 2354 bene-

300 2379 446 2429 ficiati,
484 2379 570 2419 suis
606 2379 840 2430 beneficiis,
876 2379 996 2419 nulla
1029 2380 1160 2419 etiam
1196 2379 1433 2418 monitione
1469 2379 1699 2431 praemissa,
1737 2379 1825 2418 sint

298 2444 522 2496 praesentis
543 2444 865 2483 constitutionis
887 2442 1150 2483 authoritate
1171 2443 1341 2496 privati.
1392 2442 1437 2483 81
1459 2455 1543 2482 non
1565 2441 1823 2492 beneficiati,

299 2507 351 2546 ad
373 2507 542 2547 nullum
564 2506 769 2546 honorem
792 2507 1141 2557 ecclesiasticum,
1165 2507 1325 2546 ordinis
1352 2507 1420 2546 vel
1449 2506 1646 2546 beneficii
1668 2506 1822 2545 admit-

298 2573 459 2610 tantur.
522 2570 565 2611 81
587 2571 793 2620 advocati,
816 2571 883 2610 vel
905 2574 1211 2623 procuratores,
1232 2574 1385 2623 praeter
1408 2583 1551 2623 poenas
1574 2570 1824 2622 superioreS,

300 2634 599 2686 postulationis
623 2638 663 2674 et
687 2635 996 2687 procurationis
1025 2634 1225 2684 officium,
1247 2648 1346 2673 cum
1378 2637 1480 2673 nota
1508 2632 1709 2683 infamiae,
1731 2646 1825 2685 per-

300 2701 430 2749 petuo
453 2698 532 2737 sibi
555 2698 754 2737 noverint
775 2697 1069 2737 interdictum.
1132 2697 1177 2737 81
1199 2697 1445 2751 collegium,
1468 2697 1535 2736 vel
1555 2696 1824 2744 universitas,

297 2774 395 2799 cum
417 2761 645 2800 amissione
667 2761 888 2811 bonorum,
912 2774 986 2814 pro
1018 2765 1164 2800 nostro
1195 2761 1385 2809 arbitrio,
1407 2761 1452 2799 in
1478 2760 1570 2813 pios
1602 2773 1703 2798 usus
1725 2771 1825 2798 con-

300 2824 617 2863 vertendorum.
682 2824 725 2863 81
767 2824 908 2863 clerici
951 2824 1125 2873 fuerint,
1167 2824 1412 2871 interdicti3
1446 2824 1478 2862 si
1514 2823 1623 2871 laici,
1658 2836 1824 2862 excom-

300 2888 602 2927 municationis
645 2888 815 2942 majoris
858 2888 1106 2938 sententias,
1141 2902 1245 2941 quas
1286 2888 1330 2927 in
1372 2901 1419 2928 eo
1457 2887 1632 2927 ferimus
1664 2887 1707 2926 in
1740 2885 1823 2925 hiis
