1955 3068
70 159 165 206 140

72 552 245 590 Payments

72 596 104 620 to
120 592 175 620 the

72 631 192 659 church

72 669 201 699 Officers.

74 1440 260 1470 VVitnesses

81 1890 157 1919 Obit
173 1889 205 1918 of

83 1928 216 1957 Pauline

83 1967 193 2002 WVard,
210 1969 242 1997 to

83 2007 120 2035 be
137 2007 209 2043 kept

83 2046 213 2083 August
228 2045 255 2074 7.

87 2339 163 2369 Rob.
176 2340 212 2369 ‹le
226 2340 285 2369 As-

87 2380 269 2417 mondcrby,

86 2419 243 2455 ehaplain,

88 2460 199 2491 grants
217 2464 246 2485 ro

90 2496 148 2524 five
164 2496 251 2524 other

88 2534 250 2571 chnplains

89 2573 150 2601 and
167 2574 266 2601 vicars

89 2621 108 2640 a
125 2621 287 2650 messuagc

89 2651 192 2679 which
212 2652 248 2679 hc

91 2689 151 2717 had
169 2690 209 2726 by

89 2731 184 2761 grant
200 2728 233 2756 of

92 2765 223 2795 Pauline

93 2804 201 2832 Wnrd.

91 2843 171 2880 July
188 2844 235 2878 27,

95 2883 177 2910 1319.

786 175 1061 209 MEMORIALS
1097 176 1154 209 OF
1190 176 1348 210 RIPON.

305 287 528 328 animabus
551 288 577 328 J
580 286 759 328 ohannis
782 287 1021 341 Frankysh,
1045 287 1257 328 VVenandi
1279 289 1350 328 del
1371 288 1526 339 Rodes,
1549 289 1575 329 J
1578 288 1758 329 ohannis
1779 289 1832 329 de

306 351 626 404 Hawkeswyke,
645 365 743 391 cum
765 351 818 390 de
841 350 920 390 hoc
942 351 1095 391 saeculo
1117 352 1411 406 migraverint,
1434 355 1479 392 et
1500 353 1526 393 J
1530 352 1683 392 ulianae
1697 366 1835 405 nuper

306 417 447 455 uxoris
471 430 570 466 suae,
592 429 756 456 necnon
780 429 855 469 pro
869 416 1092 456 animabus
1109 417 1303 456 omnium
1316 417 1507 457 fidelium
1521 417 1837 464 defunctorum,

304 479 416 519 infra
436 479 615 519 chorum
638 480 825 519 ecclesiae
846 480 1058 532 praedictae
1090 480 1244 533 Ripon’
1258 495 1269 530 3
1301 494 1376 534 pro
1407 495 1490 533 quo
1518 481 1694 534 quidem
1715 480 1838 520 obitu

305 544 498 596 praedicti
520 543 733 583 Robertus
766 546 810 582 et
841 541 1061 587 ,Iohannes
1094 546 1140 583 et
1172 557 1433 584 successores
1466 545 1532 584 sui
1565 544 1732 583 solvent·
1760 557 1838 583 an-

306 607 475 646 nuatim
511 607 556 646 in
593 607 662 646 die
700 607 843 646 obitus
883 607 1091 659 praedicti,
1125 607 1328 647 videlicet
1363 608 1543 647 cuilibet
1582 608 1758 647 diacono
1794 610 1840 646 et

308 670 567 710 subdiacono
609 670 796 710 ecclesiae
837 670 1063 723 praedictae,
1105 675 1192 710 tres
1234 671 1457 720 denarios3
1497 672 1619 720 item,
1661 670 1840 710 cuilibet

306 734 541 786 patenario,
562 732 788 783 thurifero,
811 737 856 772 et
886 732 1083 773 choristae
1114 733 1308 787 ejusdem
1339 735 1541 785 ecclesiae,
1573 735 1677 774 duos
1709 734 1841 773 dena-

307 798 419 845 rios;
452 798 575 846 item,
608 798 793 836 sacristae
824 797 949 836 dictae
981 797 1169 837 ecclesiae
1200 798 1388 850 pulsanti
1422 801 1509 837 tres
1540 812 1764 850 campanas
1786 798 1839 836 ad

307 860 474 899 dictum
506 860 689 910 obitum,
721 864 904 913 quatuor
935 860 1144 911 denarios,
1167 865 1212 901 et
1243 862 1414 901 cuidam
1444 860 1609 901 homini
1640 861 1763 900 eunti
1794 861 1839 900 in

308 924 408 964 villa
450 924 601 977 Ripon'
638 939 737 964 cum
779 938 983 977 campana
1020 938 1096 964 sua
1128 925 1323 978 quolibet
1355 939 1466 965 anno
1502 939 1577 978 pro
1618 925 1840 965 animabus

307 989 538 1041 praedictis,
561 989 667 1028 duos
690 989 899 1028 denarios.
962 988 1112 1028 Porcio
1143 989 1392 1029 absencium
1419 990 1714 1029 ministrorum
1735 1002 1842 1041 prae-

308 1053 523 1091 dictorum
565 1065 650 1091 non
682 1056 926 1092 reservetur
957 1053 1041 1091 nisi
1083 1066 1210 1092 causa
1249 1053 1460 1107 legitima.
1522 1053 1580 1091 Et
1621 1066 1701 1106 ego
1741 1065 1842 1091 vero

308 1116 539 1168 praedictus
561 1116 588 1156 J
592 1115 780 1155 ohannes
803 1120 847 1155 et
868 1115 1058 1155 haeredes
1079 1117 1165 1155 mei
1187 1117 1441 1169 praedictum
1462 1117 1721 1170 burgagium
1742 1129 1842 1154 cum

309 1180 398 1219 suis
439 1181 716 1232 pertinenciis
749 1179 939 1232 praefatis
980 1179 1168 1219 Roberto
1211 1183 1255 1220 et
1295 1178 1497 1230 Johanni,
1529 1179 1767 1219 haeredibus
1797 1182 1844 1218 et
1905 1204 1908 1206 -

308 1244 535 1296 assignatis
578 1244 680 1294 suis,
721 1244 767 1282 in
801 1243 937 1283 forma
971 1244 1173 1296 praedicta
1206 1247 1257 1284 ut
1292 1245 1548 1297 praedictum
1583 1246 1663 1294 est,
1696 1246 1843 1282 contra

309 1320 457 1346 omnes
494 1311 646 1361 gentes
682 1308 1049 1347 warantizabimus
1092 1311 1137 1347 et
1177 1308 1458 1348 defendemus
1498 1309 1836 1361 imperpetuum.

308 1369 361 1408 In
384 1369 506 1423 cujus
529 1371 591 1410 rei
613 1371 914 1410 testimonium
937 1371 1079 1424 sigilla
1098 1372 1289 1424 parcium
1320 1370 1405 1410 hiis
1437 1371 1682 1411 indenturis
1713 1370 1844 1409 alter-

309 1434 449 1472 natim
490 1437 594 1473 sunt
633 1434 839 1486 apposita.
912 1434 1010 1473 Hiis
1052 1435 1251 1484 testibus,
1292 1434 1489 1475 Johanne
1530 1434 1584 1474 de
1625 1432 1845 1486 Topclyff3

309 1496 488 1536 Ricardo
510 1497 564 1537 de
588 1497 793 1551 Sunyng3
816 1497 1033 1536 Willelmo
1054 1498 1106 1537 de
1129 1498 1292 1546 Ledes3
1324 1498 1542 1537 Willelmo
1563 1498 1615 1537 de
1639 1497 1814 1537 Scotton
1832 1511 1844 1545 3

309 1558 507 1599 Johanne
539 1562 592 1600 de
624 1559 852 1614 Morpathe
870 1575 881 1609 ;
913 1559 1110 1600 Johanne
1144 1560 1479 1614 Goldesmythe3
1511 1560 1717 1600 Nicholao
1751 1560 1846 1600 Hu—

311 1623 440 1664 berde
460 1639 470 1672 3
502 1624 720 1664 Willelmo
741 1625 793 1664 de
816 1625 985 1675 Brame,
1009 1628 1053 1663 et
1074 1625 1183 1664 aliis.

400 1688 498 1727 Dat.
522 1689 636 1741 apud
658 1688 825 1741 Ripon’,
856 1691 975 1728 sexto
1006 1688 1076 1728 die
1113 1690 1271 1729 mensis
1298 1689 1508 1739 Octobris,
1537 1689 1660 1729 Anno
1682 1688 1845 1728 domini

313 1751 545 1791 Millesimo
567 1753 872 1792 trecentesimo
893 1753 1171 1806 nonogesimo
1193 1754 1343 1806 primo.

404 1879 558 1919 Obitus
581 1879 773 1919 Paulinae
795 1880 950 1918 warde
973 1879 1048 1919 fiat
1070 1881 1254 1933 septimo
1276 1880 1345 1920 die
1369 1881 1530 1920 mensis
1552 1880 1755 1933 Augusti,
1772 1892 1848 1932 pro

315 1957 398 1996 quo
419 1943 581 1983 habent
603 1943 641 1997 vj
660 1945 803 1983 vicarii
818 1957 953 1983 unum
975 1946 1275 1984 tenementum
1298 1945 1342 1984 in
1367 1944 1700 1984 Bedernebanke
1722 1944 1848 1984 modo

315 2008 360 2046 in
382 2010 536 2047 tenura
550 2008 576 2047 J
580 2007 760 2047 ohannis
782 2007 938 2060 Darby,
957 2011 1002 2047 et
1023 2009 1166 2048 reddit
1187 2022 1264 2061 per
1284 2022 1447 2048 annum
1469 2007 1559 2061 xiiij
1586 2022 1617 2047 s.
1641 2007 1702 2061 iiij
1723 2007 1779 2057 d.‚
1803 2009 1849 2046 et

315 2069 448 2109 nichil
470 2071 610 2111 reddit
633 2075 751 2110 extra
771 2072 856 2110 nisi
877 2075 1024 2112 tamen
1046 2072 1219 2112 domino
1240 2072 1293 2111 de
1307 2071 1607 2125 Markynfelde
1624 2071 1849 2111 annuatim

316 2133 378 2186 iiij
404 2134 460 2184 d.,
482 2136 533 2174 ut
554 2135 598 2174 in
621 2138 750 2174 carta.

1028 2257 1140 2302 (LV.)

408 2338 555 2379 Sciant
585 2342 816 2392 praesentes
849 2342 893 2378 et
924 2338 1062 2378 futuri
1093 2339 1206 2392 quod
1228 2353 1308 2392 ego
1340 2339 1554 2379 Robertus
1586 2340 1637 2379 de
1669 2340 1849 2379 Asmon-

319 2400 466 2453 derby,
499 2402 760 2454 capellanus,
792 2402 905 2452 dedi,
937 2403 1140 2451 concessi,
1174 2405 1217 2441 et
1256 2401 1333 2441 hac
1371 2404 1571 2455 praesenti
1604 2406 1720 2442 carta
1755 2416 1850 2442 mea

319 2465 564 2504 confirmavi
594 2465 778 2504 dominis
802 2467 989 2505 Henrico
1017 2467 1069 2505 de
1102 2466 1345 2519 Plompton,
1368 2467 1546 2507 Andreae
1577 2467 1629 2506 de
1663 2466 1849 2513 [⁷sburn‚

322 2528 514 2568 Gralfrido
545 2528 598 2567 de
632 2529 795 2579 Addon,
831 2529 1018 2569 Roberto
1050 2530 1217 2579 Verius,
1256 2530 1436 2569 Ricardo
1472 2531 1524 2569 de
1559 2529 1768 2582 Braytoft,
1806 2533 1851 2568 et

321 2591 493 2631 Thomae
530 2592 583 2631 de
626 2592 795 2642 Bolton,
827 2593 1056 2644 capellanis
1097 2597 1141 2633 et.
1181 2594 1346 2632 vicariis
1389 2593 1574 2633 ecclesiae
1615 2593 1851 2646 collegiatae

322 2656 476 2707 Ripon,
500 2655 606 2694 illud
629 2656 899 2708 mesuagium
922 2656 965 2694 in
989 2655 1026 2696 le
1055 2655 1171 2697 Wallc
1193 2655 1461 2708 Mylsnbcmke
1483 2658 1527 2695 in
1551 2656 1716 2709 Ripon’,
1738 2655 1851 2708 quod

322 2719 496 2770 quidem
519 2719 788 2771 mesuagium
812 2717 943 2758 habui
965 2733 1016 2758 ex
1038 2720 1148 2759 dono
1170 2723 1215 2759 et
1235 2720 1507 2759 concessione
1538 2719 1730 2759 Paulina}
1752 2719 1851 2758 filiae

322 2782 531 2821 willelmi
552 2781 708 2822 VVarde
731 2782 783 2821 de
807 2782 973 2834 Ripon',
996 2781 1241 2823 habendum
1262 2787 1306 2823 et
1335 2783 1571 2823 tenendum
1593 2783 1847 2835 praedictum

322 2847 591 2899 mesuagium
614 2861 711 2886 cum
742 2848 829 2886 suis
858 2848 1150 2900 pertinenciiS,
1184 2847 1397 2899 praedictis
1428 2847 1628 2896 Henrico,
1654 2846 1847 2895 Andreae‚

324 2909 530 2958 Galfrido,
568 2911 763 2959 Robcrto,
798 2911 989 2960 Ricardo,
1033 2915 1074 2950 et
1118 2910 1290 2950 Thomzc
1327 2910 1554 2963 capellanis
1598 2913 1643 2949 et
1684 2910 1848 2949 vicariis
