1955 3068
77 152 170 198 136

74 282 190 312 Elvesh
196 292 242 312 ow

75 326 108 351 tro
122 322 206 351 John

75 360 270 399 Byndelows‚

75 400 160 429 June
174 401 223 437 30,

76 440 161 475 1‘221,

75 793 195 830 subject
210 795 242 821 to

75 841 94 860 a
110 834 193 861 rent-

74 872 189 905 charge

76 911 107 938 of
131 911 195 938 18d.

75 949 209 987 payable
221 952 253 977 to

75 989 129 1017 the
144 987 252 1017 vicars.

77 1304 259 1334 Witnesses.

78 1492 116 1521 fo.
134 1493 189 1521 103
206 1492 234 1521 d.
252 1502 276 1521 υ.

79 1748 156 1778 obit
172 1748 205 1777 of
224 1747 266 1777 H.

82 1788 262 1824 Plomptou,

81 1831 115 1856 to
130 1827 165 1855 be
181 1836 219 1855 on

81 1867 211 1904 August
226 1866 252 1895 2.

88 2309 196 2347 chry
213 2310 250 2338 de

87 2348 253 2385 l'l‹·mpton

87 2392 195 2422 grauns
211 2392 241 2415 to

87 2427 174 2455 three
190 2427 283 2464 chap-

87 2465 167 2493 luins
187 2476 205 2493 a

87 2513 248 2538 mest-unge

89 2543 120 2571 in
140 2543 257 2571 Annos-

88 2585 171 2616 gnte,
187 2582 265 2620 July

90 2623 137 2655 121),
157 2623 239 2650 1:302».

790 167 1065 201 MEMORIALS
1100 169 1158 201 OF
1194 169 1351 202 RIPON.

307 279 509 330 praesenti
559 283 674 320 carta
724 284 869 321 nostra
919 282 1219 321 confirmamus
1269 279 1458 321 ,Iohanni
1499 281 1750 333 Byndelows
1792 283 1837 322 et

308 342 467 395 Agneti
489 345 611 383 uxori
635 358 720 384 suae
742 359 817 398 pro
838 345 1022 398 quadam
1055 358 1221 384 summa
1243 345 1437 398 pecuniae
1458 358 1586 398 quam
1608 345 1730 385 nobis
1751 359 1837 398 prae

309 406 508 445 manibus
540 407 675 458 dedit,
698 422 836 447 unum
857 408 1019 447 toftum
1050 422 1150 447 cum
1181 409 1457 461 pertinenciis
1483 407 1703 462 jacentem
1724 409 1839 448 inter

309 473 479 521 pratum
512 469 761 511 Elueshowe
793 475 838 511 et
868 472 981 511 viam
1013 485 1107 524 quae
1140 486 1185 512 se
1217 472 1410 512 extendit
1441 472 1493 512 de
1525 471 1839 526 Staynbrygate

310 547 445 586 usque
485 535 537 573 ad
572 535 871 575 molendinum
913 536 1025 588 quod
1059 539 1236 575 vocatur
1271 536 1574 575 Molendinum
1607 535 1839 585 Orientale,

308 595 553 636 habendum
577 601 621 637 et
643 599 895 649 tenendum,
909 599 1125 651 praedictis
1142 598 1168 638 J
1172 598 1330 638 ohanni
1346 602 1390 638 et
1410 599 1584 653 Agneti,
1598 598 1839 638 haeredibus

309 661 398 699 suis
421 664 464 700 et
487 661 574 700 suis
597 662 840 715 assignatis,
863 663 914 702 de
937 662 1025 702 Deo
1054 665 1099 702 et
1120 662 1297 702 ecclesia
1318 663 1441 702 Beati
1462 662 1651 701 Wilfridi
1672 661 1841 715 Ripon',

307 728 352 763 et
373 725 539 764 vicariis
568 724 762 778 ejusdem
795 726 998 776 ecclesiae,
1021 725 1170 776 libere,
1192 727 1354 779 quiete,
1376 726 1561 780 integre,
1583 726 1705 776 bene,
1727 728 1772 765 et
1793 726 1840 764 in

307 801 408 839 pace
423 788 757 841 imperpetuum.
802 789 1037 829 Reddendo
1053 790 1153 829 inde
1171 803 1247 842 per
1262 803 1426 829 annum
1442 790 1656 843 praedictis
1673 789 1839 829 vicariis

307 854 351 890 et
387 852 699 892 successoribus
742 853 845 903 suis,
877 853 1113 892 octodecim
1137 853 1340 892 'denarios
1374 853 1544 906 argenti
1585 853 1638 892 ad
1679 852 1840 892 festum

310 914 476 954 Sanctae
496 915 735 956 Scolasticae
752 917 945 970 virginis,
962 930 1037 969 pro
1054 917 1171 956 omni
1189 917 1365 956 servicio
1383 917 1585 967 saeculari,
1602 917 1841 966 exaccione,

309 981 354 1017 et
374 979 596 1028 demanda,
618 980 671 1019 ad
693 980 948 1033 praedictum
979 980 1142 1020 toftum
1163 981 1482 1033 pertinentibus
1504 982 1840 1034 imperpetuum.

309 1042 363 1081 Et
402 1056 478 1081 nos
510 1056 610 1082 vero
641 1044 834 1096 praedicti
869 1044 1076 1084 Ricardus
1119 1047 1163 1084 et
1203 1045 1354 1094 Alicia,
1395 1048 1441 1084 et
1471 1043 1659 1084 haeredes
1691 1044 1842 1094 nostri,

308 1105 562 1158 praedictum
579 1106 739 1146 toftum
759 1121 858 1147 cum
874 1108 1154 1160 pertinenciis
1170 1109 1385 1161 praedictis
1403 1108 1430 1148 J
1433 1107 1590 1148 ohanni
1607 1111 1652 1147 et
1667 1108 1843 1161 Agneti,

309 1168 538 1208 heredibus
561 1171 662 1220 suis,
685 1174 730 1210 et
753 1171 839 1210 suis
868 1171 1109 1225 assignatis,
1132 1175 1278 1211 contra
1300 1185 1446 1211 omnes
1468 1170 1663 1211 homines
1684 1184 1845 1210 waran-

309 1233 538 1272 tizabimus
560 1234 896 1287 imperpetuum.
958 1236 1013 1274 In
1044 1235 1167 1288 cujus
1199 1236 1261 1275 rei
1292 1236 1595 1275 testimonium
1616 1234 1717 1274 huic
1738 1248 1845 1288 prae-

312 1298 425 1336 senti
457 1302 582 1337 01111εο
616 1298 755 1352 sigilla
785 1302 931 1338 nostra
963 1299 1255 1352 apposuimus.
1317 1299 1415 1338 Hiis
1448 1299 1648 1349 testibus,
1671 1299 1845 1338 domino

312 1361 479 1414 Rogero
519 1361 572 1400 de
615 1362 879 1415 Bondegate,
920 1362 1140 1416 capellano
1158 1377 1170 1412 ;
1211 1363 1341 1402 Petro
1382 1363 1435 1403 de
1477 1363 1673 1410 Maiton3
1707 1362 1844 1412 ,Petro

313 1425 364 1464 de
402 1424 595 1473 Craka113
633 1424 828 1465 ι1011311110
865 1426 959 1465 Sale
978 1441 989 1475 3
1031 1426 1058 1466 J
1062 1425 1228 1466 ohanne
1272 1426 1381 1476 Sale,
1413 1425 1586 1479 juniore
1604 1440 1615 1473 3
1657 1425 1845 1464 Roberto

314 1487 534 1536 Colstane3
570 1489 732 1527 Adnmo
765 1489 817 1528 de
851 1489 1044 1539 Scotton,
1071 1493 1116 1529 et
1147 1489 1257 1529 aliis.
1319 1489 1416 1529 Dat.
1440 1490 1553 1542 apud
1586 1488 1752 1542 Ripon’,
1774 1489 1844 1528 (110

313 1552 517 1590 Marcurii
552 1566 667 1604 prox.
700 1559 795 1604 post
826 1552 986 1592 festum
1030 1552 1176 1593 Sancti
1217 1551 1425 1593 ,Iohannis
1467 1553 1687 1606 Baptistae,
1720 1552 1844 1591 Anno

313 1616 487 1654 Domini
509 1615 742 1655 Millesimo
764 1616 1059 1656 ducentesimo
1080 1617 1282 1656 vicesimo
1303 1617 1469 1670 primo.¹

404 1742 559 1782 Obitus
593 1743 770 1783 Henrici
801 1744 1047 1797 Plompton,
1079 1745 1238 1795 vicarii,
1261 1744 1336 1784 fiat
1368 1745 1554 1784 secundo
1586 1744 1654 1784 die
1686 1744 1846 1783 mensis

315 1807 517 1859 Augusti,
539 1820 614 1859 pro
637 1821 721 1860 quo
742 1808 988 1860 percipiunt
1010 1808 1048 1862 vj
1069 1808 1212 1861 vicarij
1232 1809 1458 1848 annuatim
1475 1808 1527 1848 ad
1541 1808 1651 1847 festa
1666 1807 1846 1847 Martini

315 1874 360 1909 et
381 1871 671 1920 PentecosteS,
695 1871 748 1910 de
780 1871 1000 1924 capellano
1031 1873 1229 1912 cantariae
1263 1872 1430 1912 Sanctae
1461 1872 1701 1921 Trinitatis,
1724 1884 1800 1924 pro
1825 1869 1844 1923 j

316 1935 440 1974 domo
461 1935 506 1973 in
529 1935 758 1989 Anesgate,
774 1935 902 1989 juxta
928 1939 1231 1976 tenementum
1253 1936 1429 1976 Abbatis
1444 1936 1496 1976 de
1514 1935 1742 1985 Fontibus,
1763 1934 1792 1987 ij
1814 1947 1846 1974 s.

317 2002 361 2038 et
382 1999 715 2052 imperpetuum.

405 2063 461 2102 Et
482 2063 719 2102 notandum
743 2067 808 2103 est
830 2064 942 2116 quod
964 2065 1105 2104 dictus
1125 2065 1275 2104 domus
1297 2077 1382 2104 non
1406 2064 1528 2104 estin
1542 2064 1849 2103 mortasement

316 2127 441 2166 dictae
463 2127 676 2178 cantarize,
697 2127 801 2167 licet
821 2126 1010 2182 (blao'ck).

1044 2235 1121 2279 (L)

408 2304 555 2342 Sciant
577 2307 808 2356 ρι’-(08011103
832 2309 876 2344 et
897 2304 1033 2344 futuri
1055 2305 1168 2358 quod
1191 2318 1271 2358 ego
1294 2306 1507 2344 Henricus
1529 2305 1581 2344 de
1602 2304 1847 2357 Plompton‚

319 2367 499 2405 vicarius
521 2368 708 2407 ecclesiae
725 2368 958 2421 collegiatae
973 2368 1138 2421 Ripon⁷‚
1153 2369 1266 2419 dedi,
1280 2370 1480 2419 concessi,
1494 2372 1540 2408 et
1556 2367 1632 2408 hac
1649 2367 1849 2421 praesenti

320 2434 435 2469 carta
467 2444 560 2469 mea
595 2431 840 2471 confirmavi
876 2431 1065 2471 Johanni
1098 2433 1151 2472 de
1189 2432 1340 2486 Clynte
1379 2432 1548 2481 seniori,
1575 2430 1762 2472 Johanni
1795 2430 1849 2469 de

322 2495 575 2548 Stayndrop,
599 2500 643 2535 ct
665 2495 852 2537 Johanni
883 2497 936 2536 (10
960 2497 1112 2550 Clynte
1139 2497 1304 2551 juniori
1337 2499 1388 2537 de
1410 2497 1578 2551 Ripon',
1606 2495 1850 2549 capellanis,

321 2563 463 2599 totum
505 2560 612 2599 illud
650 2561 921 2614 mesuagium
956 2575 1054 2600 cum
1087 2563 1174 2601 suis
1206 2562 1484 2615 pertinenciis
1517 2560 1630 2613 quod
1656 2559 1773 2612 jacet
1803 2559 1850 2597 in

322 2623 473 2676 Ripon'
504 2624 547 2662 in
581 2624 841 2677 Annesgate,
864 2625 977 2664 inter
1009 2626 1278 2679 mesuagium
1320 2624 1527 2665 Johannis
1561 2624 1613 2664 de
1646 2622 1850 2662 Tanfelde

322 2700 372 2725 ex
401 2690 521 2738 parte
559 2701 657 2737 una,
686 2691 731 2726 et
766 2687 927 2727 toftum
955 2689 1120 2728 abbatis
1149 2689 1201 2729 de
1234 2689 1444 2729 Fontibus
1474 2702 1524 2728 ex
1555 2690 1675 2740 parte
1703 2686 1850 2726 altera.

322 2750 574 2789 Tenendum
610 2754 655 2790 et
690 2749 936 2790 habendum
973 2754 1114 2791 totum
1146 2753 1397 2805 praedictum
1434 2751 1719 2804 mesuagium,
1753 2763 1851 2789 cum

374 2856 428 2897 (l)
457 2855 528 2890 For
546 2856 695 2890 another
713 2857 795 2898 sale,
821 2857 888 2891 and
908 2868 927 2890 a
945 2861 1049 2901 grant
1068 2857 1108 2891 os
1131 2857 1202 2891 this
1232 2869 1326 2891 salue
1362 2857 1443 2900 tost,
1461 2855 1599 2901 subject
1623 2861 1660 2890 10
1679 2855 1738 2890 the
1756 2867 1852 2890 same

325 2907 558 2952 rent—charge,
576 2920 629 2942 soc
648 2907 773 2950 bciow,
792 2920 920 2954 among
939 2908 999 2943 the
1019 2909 1162 2944 Private
1181 2909 1325 2944 Grants.
