1915 3068
97 149 158 195 :30
814 167 1089 200 MEMORIALS
1125 169 1183 200 oF
1220 169 1377 202 RIPoN.

93 286 265 332 squthside
330 276 539 316 Dominus
563 277 644 325 Qui
678 279 723 318 in
745 279 835 318 vita
866 293 942 319 sua
971 280 1273 320 mirificaverat
1296 281 1505 321 Sanctum
1540 280 1693 330 Suum,
1727 283 1862 322 eciam

92 325 190 354 &¹¹²³
328 348 466 380 morte
488 345 533 380 et
561 346 657 394 post
688 347 873 383 mortem
905 344 1093 383 eundem
1129 345 1456 384 celeberrimum
1491 344 1595 384 fecit
1630 345 1863 399 multiplici

92 365 234 394 minster.

327 405 520 445 oracione
562 406 789 457 virtutum,
823 411 1055 460 praestante
1088 409 1271 448 Domino
1312 409 1338 449 J
1343 423 1419 448 esu
1455 408 1640 460 Christo,
1675 408 1753 450 Cui
1795 414 1862 450 est

327 467 460 509 honor
482 472 527 509 et
546 470 681 524 gloria
701 472 747 510 in
770 472 923 512 saeeula
945 473 1426 514 saeculorum.—Amen.

880 617 1035 652 RIPON
1068 617 1312 654 PSALTER.

681 694 728 729 IN
755 694 873 729 FEsmo
898 694 1201 729 TRANSLACIONIS
1228 695 1263 730 S.
1292 696 1504 730 WILFRIDL

90 775 280 820 Refleqtions
415 763 563 805 Lecczo
585 763 635 818 ij.
697 766 814 805 Mors
839 780 938 806 sane
959 767 1043 806 ista
1063 780 1139 819 per
1161 780 1289 820 quam
1310 767 1461 807 beatus
1483 767 1708 808 Wilfridus
1722 769 1859 808 intro-

88 815 227 884 ffitlxgl‘
326 828 483 868 ductus
506 833 574 869 est
595 830 640 869 in
663 830 872 884 gaudium
900 830 1073 870 Domini
1102 832 1168 870 sui
1199 845 1286 870 non
1316 835 1381 871 est
1407 845 1521 870 mors
1545 832 1619 872 sed
1641 832 1859 884 dormicio,

92 895 198 924 death.
326 896 475 946 portus
497 895 663 946 mortis,
687 898 731 934 et
751 898 901 947 portus
924 895 1037 934 vitae.
1099 895 1189 934 Nec
1211 909 1322 934 mors
1345 909 1445 935 eum
1467 896 1584 946 vicit,
1604 896 1676 935 sed
1691 896 1859 935 absorta

327 961 393 996 est
415 971 527 997 mors
549 958 595 997 in
618 959 809 999 victoria.
872 958 980 999 Cum
1002 959 1137 1013 igitur
1151 959 1265 998 inter
1287 958 1434 998 choros
1451 960 1705 1013 angelorum
1727 961 1858 999 multi

325 1020 431 1077 (sic)
463 1022 648 1075 plurima
678 1023 933 1062 meritorum
963 1023 1217 1063 excellentia
1237 1023 1419 1076 gloriose
1449 1023 1618 1063 floreret.
1649 1025 1694 1063 111
1727 1024 1859 1075 coelis,

88 1093 235 1138 Miraeles
257 1095 291 1123 at
325 1085 466 1125 locum
517 1087 564 1125 in
605 1100 689 1139 quo
730 1101 881 1140 corpus
928 1087 1021 1140 ejus
1063 1088 1277 1140 requievit
1318 1088 1513 1140 pluribus
1556 1088 1859 1128 miraculorum

87 1132 137 1161 ¹²¹⁸
153 1133 250 1162 tomb.
323 1150 524 1203 insigniis
546 1150 663 1190 Deus
685 1151 932 1203 perornavit
953 1152 999 1190 in
1021 1152 1163 1202 terris,
1186 1151 1417 1190 ostendens
1434 1151 1558 1190 illum
1572 1151 1659 1191 fore
1676 1152 1859 1205 dignum

322 1227 347 1252 a
374 1217 489 1253 terra
520 1214 691 1265 elevari,
724 1228 939 1267 quemque
970 1216 1105 1254 tantis
1137 1215 1370 1268 spirituum
1401 1216 1638 1255 virtutibus
1669 1219 1783 1255 terra
1814 1220 1859 1256 et

86 1282 289 1321 Arohbishop
322 1290 418 1317 aere
443 1277 647 1332 effulgere
670 1278 820 1318 voluit.
883 1279 1115 1332 Erexitque
1136 1280 1253 1319 Deus
1286 1280 1331 1318 in
1363 1278 1709 1332 archipraesulem
1732 1280 1856 1320 Ebor.

85 1322 238 1391 ἳᾞᾝζ-ἰῖ
322 1343 611 1382 venerabilem
642 1343 783 1382 virum
816 1342 1073 1394 Oswaldum,
1104 1358 1272 1383 morum
1305 1344 1533 1384 sanctitate
1565 1348 1857 1397 perornatum,

321 1407 396 1459 qui
418 1407 586 1446 coelitus
607 1410 657 1446 ut
679 1407 794 1447 credi
815 1410 958 1460 potest
980 1408 1124 1447 divina
1154 1409 1293 1461 gratia
1324 1409 1558 1460 inspiratus
1580 1409 1857 1449 devocionem

319 1469 440 1526 (sio),
470 1469 599 1524 hujus
635 1471 782 1511 Sancti
818 1471 1034 1511 miraculis
1072 1472 1313 1511 innumeris
1346 1471 1527 1511 affectus
1559 1486 1726 1511 summa
1757 1487 1857 1512 cum

318 1534 549 1575 devocione
564 1539 609 1575 et
622 1536 867 1575 reverencia
883 1536 936 1575 de
953 1535 1102 1575 infimo
1124 1536 1280 1575 tumilo
1303 1549 1386 1589 quo
1409 1536 1689 1589 sepiliebatur
1704 1550 1857 1590 corpus

320 1597 412 1652 ejus
434 1598 663 1639 transferre
686 1599 911 1652 disposuit.

84 1675 230 1705 Between
409 1661 558 1703 Leccio
580 1661 652 1716 iij.
715 1663 997 1717 Congregatis
1020 1663 1167 1716 itaque
1189 1663 1240 1702 ad
1264 1663 1381 1703 diem
1402 1664 1671 1718 assignatum
1693 1663 1857 1704 archie-

84 1715 226 1783 2132'1·972
320 1727 491 1780 piscopo
513 1727 717 1780 praedicto
741 1726 934 1767 Oswaldo
964 1741 1065 1766 cum
1096 1728 1262 1767 caeteris
1295 1727 1482 1780 praelatis
1515 1728 1673 1767 diversi
1696 1729 1856 1768 ordinis

84 1801 151 1823 A-D-
168 1794 235 1822 992·
319 1791 373 1830 ad
395 1789 474 1830 hoc
491 1791 701 1841 invitatis,
724 1805 911 1830 unacum
932 1791 1027 1830 aliis
1049 1791 1123 1844 qui
1148 1805 1197 1830 ex
1219 1791 1450 1831 devocione
1471 1790 1572 1831 111110
1594 1792 1856 1832 advenerant

84 1849 286 1918 fflffill'jfhs'l‘
321 1855 629 1908 solempnitati,
651 1854 715 1894 hii
737 1855 812 1908 qui
833 1855 1047 1909 dignitate
1062 1859 1106 1895 et
1120 1855 1287 1894 meritis
1303 1855 1540 1908 specialiter
1554 1856 1855 1909 praecellebant

83 1911 179 1965 opens
194 1928 249 1956 the
319 1919 373 1959 ad
416 1918 724 1974 sarcophagum
765 1922 1053 1970 accesserunt,
1087 1922 1133 1959 et
1165 1919 1352 1972 lapidem
1385 1923 1636 1972 coopertum
1676 1933 1700 1959 a
1741 1923 1856 1959 terra

82 1976 214 2035 {¹2³³}ss
320 1983 717 2037 discooperuerunt,
760 1988 1065 2037 sumentesque
1109 1985 1243 2023 sancti
1289 1984 1474 2037 corporis
1525 1984 1647 2037 quasi
1698 1984 1855 2024 illibati

82 2046 258 2114 {Qffffiss
319 2048 522 2101 reliquias
565 2049 611 2087 in
653 2062 778 2101 capsa
818 2048 963 2102 lignea
1002 2062 1131 2102 cupro
1172 2048 1376 2088 deaurato
1417 2052 1629 2101 cooperta,
1661 2048 1768 2089 lotas
1810 2052 1855 2089 et

84 2124 230 2153 relicson
319 2112 542 2165 impositas
584 2111 817 2152 honorifice
858 2112 1189 2163 collocaverunt,
1232 2126 1335 2165 quas
1377 2113 1422 2151 in
1455 2113 1692 2165 aquilonari
1732 2116 1853 2166 parte

84 2163 264 2232 {gffeffissrffle
320 2176 508 2215 ecclesiae
550 2176 675 2215 Beati
706 2176 826 2215 Petri
867 2175 1063 2228 Apostoli
1104 2175 1299 2228 Riponiae
1340 2177 1608 2228 posuerunt.¹
1671 2176 1853 2216 Sanctus

84 2242 224 2287 ehurclu·
319 2253 418 2279 vero
440 2238 783 2293 archiepiscopus
817 2239 1035 2279 Oswaldus
1067 2239 1183 2278 diem
1215 2239 1526 2279 Translacionis
1557 2240 1651 2293 ejus
1683 2241 1728 2280 in
1761 2244 1852 2280 tota

84 2286 274 2358 11111χέἓὲἚὲ
318 2304 537 2357 provincia
557 2304 815 2344 Eboracensi
836 2304 1032 2343 instituit
1053 2303 1280 2343 festivari.2

82 2359 267 2443 ixggilrlriigsa
393 2399 449 2443 (1)
477 2399 520 2432 In
537 2399 599 2432 the
614 2398 701 2433 time
719 2398 759 2433 of
772 2398 999 2445 Archbishop
1017 2399 1172 2433 Thomas
1185 2399 1249 2441 IL,
1268 2408 1338 2433 Α.1).
1356 2399 1578 2443 1108-1114,
1591 2399 1653 2433 1110
1665 2400 1799 2434 chart-h
1817 2399 1857 2434 of

84 2438 219 2467 festival.
319 2451 422 2485 York
439 2451 500 2485 felt
529 2451 716 2496 aggrieved
742 2451 822 2485 that
850 2451 879 2485 it
903 2451 974 2485 had
993 2463 1038 2485 no
1064 2451 1158 2485 saint
1181 2451 1367 2485 enshrined
1386 2451 1512 2485 within
1538 2451 1584 2485 its
1603 2452 1716 2495 walls,
1735 2454 1744 2471 ‘
1758 2463 1852 2497 aegre

319 2503 471 2537 ferentes
496 2503 627 2536 nullius
653 2515 687 2537 se
712 2503 957 2549 episcoporum
983 2515 1128 2537 suorum
1152 2503 1282 2537 habere
1307 2504 1526 2546 memoriam,
1552 2516 1634 2538 cum
1660 2504 1851 2538 Paulinum

319 2555 495 2599 Rofensis,
520 2555 726 2589 wilfridum
744 2556 920 2602 Ripensis,
937 2556 1114 2589 Joaunem
1132 2556 1396 2590 Beverlacensis
1420 2556 1566 2590 ecclesia
1592 2556 1796 2601 possideret,
1814 2560 1849 2590 01

320 2608 475 2653 aliquem
505 2607 650 2641 illorum
677 2608 869 2642 transferre
896 2608 1034 2653 populis
1052 2608 1303 2642 obsistentibus
1319 2613 1408 2642 esset
1428 2608 1852 2654 impossibile.'--Acll-ed,

317 2671 394 2705 cap.
416 2671 473 2693 xv.
492 2673 499 2700 ;
527 2660 668 2693 Raine‘s
687 2660 865 2702 Harlmm,
884 2660 982 2694 Surt.
1002 2660 1081 2695 Soc,
1100 2661 1169 2694 vol.
1183 2660 1269 2695 xliv.
1283 2672 1315 2706 p.
1332 2661 1412 2694 202.
1452 2660 1549 2694 How
1566 2661 1627 2694 the
1640 2660 1852 2706 archbishop

318 2712 440 2746 would
470 2712 561 2746 have
590 2712 788 2746 translated
818 2713 913 2746 Eata
942 2712 1034 2747 from
1062 2713 1242 2755 Hexham,
1273 2713 1342 2747 and
1368 2713 1451 2747 how
1476 2712 1520 2746 he
1545 2724 1619 2746 was
1646 2713 1850 2758 prevented,

318 2776 465 2809 appears
486 2764 578 2798 from
597 2765 697 2798 what
720 2764 883 2807 follows3
911 2765 980 2798 and
1007 2777 1061 2798 see
1087 2765 1190 2799 Faslz'
1213 2765 1319 2800 Ebor.
1338 2777 1370 2810 p.
1392 2765 1479 2809 1693
1506 2764 1607 2810 Bioq.
1629 2765 1730 2799 Migo.
1751 2764 1848 2800 Surt.

319 2816 396 2850 Soc.
417 2816 486 2850 viii.
506 2828 539 2862 p.
561 2817 638 2851 1:24.

393 2870 447 2912 (2)
478 2869 582 2914 April
611 2870 667 2903 24.
720 2869 942 2902 ‘Translatio
972 2869 1010 2904 S.
1041 2869 1216 2913 wilfridi,
1246 2869 1379 2916 duplex
1397 2869 1526 2903 festum
1545 2869 1588 2903 de
1605 2868 1846 2904 minoribus-—

317 2920 363 2954 ix.
383 2920 475 2955 lect!
524 2921 625 2955 York
645 2921 778 2964 Missal,
797 2920 984 2956 calendar.
