<?xml version="1.0" encoding="UTF-8"?>
<!DOCTYPE html PUBLIC "-//W3C//DTD XHTML 1.0 Transitional//EN"
    "http://www.w3.org/TR/xhtml1/DTD/xhtml1-transitional.dtd">
<html xmlns="http://www.w3.org/1999/xhtml" xml:lang="en" lang="en">
 <head>
  <title>
</title>
<meta http-equiv="Content-Type" content="text/html;charset=utf-8" />
  <meta name='ocr-system' content='tesseract 3.04.00' />
  <meta name='ocr-capabilities' content='ocr_page ocr_carea ocr_par ocr_line ocrx_word'/>
</head>
<body>
  <div class='ocr_page' id='page_1' title='image "./memorialsofchurc01fowl/memorialsofchurc01fowl_0184.png"; bbox 0 0 1935 3151; ppageno 0'>
   <div class='ocr_carea' id='block_1_1' title="bbox 82 133 177 180">
    <p class='ocr_par' dir='ltr' id='par_1_1' title="bbox 82 133 177 180">
     <span class='ocr_line' id='line_1_1' title="bbox 82 133 177 180; baseline 0 -1"><span class='ocrx_word' id='word_1_1' title='bbox 82 133 177 180; x_wconf 82' lang='lat'>160</span> 
     </span>
    </p>
   </div>
   <div class='ocr_carea' id='block_1_2' title="bbox 80 463 267 777">
    <p class='ocr_par' dir='ltr' id='par_1_2' title="bbox 81 463 267 572">
     <span class='ocr_line' id='line_1_2' title="bbox 81 463 250 502; baseline -0.006 -9"><span class='ocrx_word' id='word_1_2' title='bbox 81 463 250 502; x_wconf 67' lang='lat' dir='ltr'>Perpetual</span> 
     </span>
     <span class='ocr_line' id='line_1_3' title="bbox 81 503 267 542; baseline -0.005 -10"><span class='ocrx_word' id='word_1_3' title='bbox 81 504 217 542; x_wconf 74' lang='lat' dir='ltr'>chaurry</span> <span class='ocrx_word' id='word_1_4' title='bbox 234 503 267 531; x_wconf 89' lang='lat' dir='ltr'>iu</span> 
     </span>
     <span class='ocr_line' id='line_1_4' title="bbox 81 543 211 572; baseline 0 -1"><span class='ocrx_word' id='word_1_5' title='bbox 81 543 211 572; x_wconf 82' lang='lat' dir='ltr'>Church</span> 
     </span>
    </p>

    <p class='ocr_par' dir='ltr' id='par_1_3' title="bbox 80 582 257 777">
     <span class='ocr_line' id='line_1_5' title="bbox 81 582 236 620; baseline 0 -10"><span class='ocrx_word' id='word_1_6' title='bbox 81 583 116 610; x_wconf 79' lang='lat' dir='ltr'>os</span> <span class='ocrx_word' id='word_1_7' title='bbox 135 582 236 620; x_wconf 84' lang='lat' dir='ltr'>Ripon</span> 
     </span>
     <span class='ocr_line' id='line_1_6' title="bbox 82 621 221 659; baseline 0 -10"><span class='ocrx_word' id='word_1_8' title='bbox 82 621 173 659; x_wconf 76' lang='lat' dir='ltr'>(that</span> <span class='ocrx_word' id='word_1_9' title='bbox 186 622 221 649; x_wconf 93' lang='lat' dir='ltr'>of</span> 
     </span>
     <span class='ocr_line' id='line_1_7' title="bbox 83 660 229 689; baseline -0.007 0"><span class='ocrx_word' id='word_1_10' title='bbox 83 661 129 689; x_wconf 81' lang='lat' dir='ltr'>St.</span> <span class='ocrx_word' id='word_1_11' title='bbox 147 660 229 689; x_wconf 79' lang='lat' dir='ltr'>John</span> 
     </span>
     <span class='ocr_line' id='line_1_8' title="bbox 81 699 257 728; baseline 0 0"><span class='ocrx_word' id='word_1_12' title='bbox 81 700 135 728; x_wconf 83' lang='lat' dir='ltr'>the</span> <span class='ocrx_word' id='word_1_13' title='bbox 152 699 257 728; x_wconf 80' lang='lat' dir='ltr'>Evan-</span> 
     </span>
     <span class='ocr_line' id='line_1_9' title="bbox 80 739 205 777; baseline 0 -10"><span class='ocrx_word' id='word_1_14' title='bbox 80 739 205 777; x_wconf 73' lang='lat' dir='ltr'>gelist).</span> 
     </span>
    </p>
   </div>
   <div class='ocr_carea' id='block_1_3' title="bbox 82 1043 264 1072">
    <p class='ocr_par' dir='ltr' id='par_1_4' title="bbox 82 1043 264 1072">
     <span class='ocr_line' id='line_1_10' title="bbox 82 1043 264 1072; baseline -0.011 0"><span class='ocrx_word' id='word_1_15' title='bbox 82 1043 214 1072; x_wconf 69' lang='lat' dir='ltr'>Livence</span> <span class='ocrx_word' id='word_1_16' title='bbox 231 1043 264 1071; x_wconf 81' lang='lat' dir='ltr'>of</span> 
     </span>
    </p>
   </div>
   <div class='ocr_carea' id='block_1_4' title="bbox 81 1083 281 1120">
    <p class='ocr_par' dir='ltr' id='par_1_5' title="bbox 81 1083 281 1120">
     <span class='ocr_line' id='line_1_11' title="bbox 81 1083 281 1120; baseline -0.005 -9"><span class='ocrx_word' id='word_1_17' title='bbox 81 1083 281 1120; x_wconf 67' lang='lat' dir='ltr'>A1·=·hbish1›p</span> 
     </span>
    </p>
   </div>
   <div class='ocr_carea' id='block_1_5' title="bbox 80 1123 252 1160">
    <p class='ocr_par' dir='ltr' id='par_1_6' title="bbox 80 1123 252 1160">
     <span class='ocr_line' id='line_1_12' title="bbox 80 1123 252 1160; baseline 0 -8"><span class='ocrx_word' id='word_1_18' title='bbox 80 1123 252 1160; x_wconf 71' lang='lat' dir='ltr'>&#39;1‘1101·esby.</span> 
     </span>
    </p>
   </div>
   <div class='ocr_carea' id='block_1_6' title="bbox 83 1811 271 2123">
    <p class='ocr_par' dir='ltr' id='par_1_7' title="bbox 83 1811 271 2123">
     <span class='ocr_line' id='line_1_13' title="bbox 84 1811 271 1848; baseline -0.005 -7"><span class='ocrx_word' id='word_1_19' title='bbox 84 1812 149 1841; x_wconf 84' lang='lat' dir='ltr'>The</span> <span class='ocrx_word' id='word_1_20' title='bbox 167 1811 271 1848; x_wconf 78' lang='lat' dir='ltr'>Chap-</span> 
     </span>
     <span class='ocr_line' id='line_1_14' title="bbox 85 1854 270 1879; baseline 0 0"><span class='ocrx_word' id='word_1_21' title='bbox 85 1855 132 1879; x_wconf 79' lang='lat' dir='ltr'>ter</span> <span class='ocrx_word' id='word_1_22' title='bbox 150 1854 270 1879; x_wconf 78' lang='lat' dir='ltr'>asscnts</span> 
     </span>
     <span class='ocr_line' id='line_1_15' title="bbox 83 1890 270 1927; baseline 0 -9"><span class='ocrx_word' id='word_1_23' title='bbox 83 1899 123 1918; x_wconf 87' lang='lat' dir='ltr'>on</span> <span class='ocrx_word' id='word_1_24' title='bbox 141 1890 270 1927; x_wconf 78' lang='lat' dir='ltr'>petition</span> 
     </span>
     <span class='ocr_line' id='line_1_16' title="bbox 84 1929 271 1958; baseline 0.005 -1"><span class='ocrx_word' id='word_1_25' title='bbox 84 1931 118 1957; x_wconf 86' lang='lat' dir='ltr'>of</span> <span class='ocrx_word' id='word_1_26' title='bbox 135 1929 217 1957; x_wconf 71' lang='lat' dir='ltr'>John</span> <span class='ocrx_word' id='word_1_27' title='bbox 233 1930 271 1958; x_wconf 83' lang='lat' dir='ltr'>(le</span> 
     </span>
     <span class='ocr_line' id='line_1_17' title="bbox 85 1967 243 1997; baseline 0 0"><span class='ocrx_word' id='word_1_28' title='bbox 85 1967 243 1997; x_wconf 83' lang='lat' dir='ltr'>Shirwode</span> 
     </span>
     <span class='ocr_line' id='line_1_18' title="bbox 85 2008 250 2036; baseline 0.006 -1"><span class='ocrx_word' id='word_1_29' title='bbox 85 2009 145 2035; x_wconf 79' lang='lat' dir='ltr'>and</span> <span class='ocrx_word' id='word_1_30' title='bbox 165 2008 250 2036; x_wconf 82' lang='lat' dir='ltr'>John</span> 
     </span>
     <span class='ocr_line' id='line_1_19' title="bbox 84 2046 243 2075; baseline 0.006 -1"><span class='ocrx_word' id='word_1_31' title='bbox 84 2046 121 2074; x_wconf 89' lang='lat' dir='ltr'>de</span> <span class='ocrx_word' id='word_1_32' title='bbox 142 2046 243 2075; x_wconf 70' lang='lat' dir='ltr'>Alba-</span> 
     </span>
     <span class='ocr_line' id='line_1_20' title="bbox 86 2085 230 2123; baseline 0.007 -10"><span class='ocrx_word' id='word_1_33' title='bbox 86 2085 230 2123; x_wconf 82' lang='lat' dir='ltr'>lowgatc.</span> 
     </span>
    </p>
   </div>
   <div class='ocr_carea' id='block_1_7' title="bbox 87 2644 228 2683">
    <p class='ocr_par' dir='ltr' id='par_1_8' title="bbox 87 2644 228 2683">
     <span class='ocr_line' id='line_1_21' title="bbox 87 2644 228 2683; baseline 0 -8"><span class='ocrx_word' id='word_1_34' title='bbox 87 2644 166 2683; x_wconf 76' lang='lat' dir='ltr'>July</span> <span class='ocrx_word' id='word_1_35' title='bbox 186 2647 228 2675; x_wconf 92' lang='grc'>17.</span> 
     </span>
    </p>
   </div>
   <div class='ocr_carea' id='block_1_8' title="bbox 800 145 1367 180">
    <p class='ocr_par' dir='ltr' id='par_1_9' title="bbox 800 145 1367 180">
     <span class='ocr_line' id='line_1_22' title="bbox 800 145 1367 180; baseline 0.004 -2"><span class='ocrx_word' id='word_1_36' title='bbox 800 145 1077 179; x_wconf 77' lang='lat' dir='ltr'>MEMORIALS</span> <span class='ocrx_word' id='word_1_37' title='bbox 1113 146 1171 179; x_wconf 89' lang='lat' dir='ltr'>OF</span> <span class='ocrx_word' id='word_1_38' title='bbox 1208 146 1367 180; x_wconf 76' lang='lat' dir='ltr'>RIPON.</span> 
     </span>
    </p>
   </div>
   <div class='ocr_carea' id='block_1_9' title="bbox 313 255 1861 2989">
    <p class='ocr_par' dir='ltr' id='par_1_10' title="bbox 313 255 1858 1016">
     <span class='ocr_line' id='line_1_23' title="bbox 315 255 1851 313; baseline -0.002 -13"><span class='ocrx_word' id='word_1_39' title='bbox 315 259 495 313; x_wconf 88' lang='lat' dir='ltr'>Rypon’,</span> <span class='ocrx_word' id='word_1_40' title='bbox 518 260 703 300; x_wconf 83' lang='lat' dir='ltr'>salutem</span> <span class='ocrx_word' id='word_1_41' title='bbox 736 261 779 299; x_wconf 92' lang='lat' dir='ltr'>in</span> <span class='ocrx_word' id='word_1_42' title='bbox 819 259 1012 300; x_wconf 90' lang='lat' dir='ltr'>omnium</span> <span class='ocrx_word' id='word_1_43' title='bbox 1048 258 1282 309; x_wconf 83' lang='lat' dir='ltr'>Salvatore,</span> <span class='ocrx_word' id='word_1_44' title='bbox 1319 272 1371 298; x_wconf 82' lang='lat' dir='ltr'>ex</span> <span class='ocrx_word' id='word_1_45' title='bbox 1404 259 1525 310; x_wconf 81' lang='lat' dir='ltr'>parte</span> <span class='ocrx_word' id='word_1_46' title='bbox 1555 255 1766 297; x_wconf 87' lang='lat' dir='ltr'>Johannis</span> <span class='ocrx_word' id='word_1_47' title='bbox 1798 258 1851 298; x_wconf 93' lang='lat' dir='ltr'>de</span> 
     </span>
     <span class='ocr_line' id='line_1_24' title="bbox 316 320 1855 378; baseline -0.002 -15"><span class='ocrx_word' id='word_1_48' title='bbox 316 323 533 364; x_wconf 85' lang='lat' dir='ltr'>Shirwode</span> <span class='ocrx_word' id='word_1_49' title='bbox 556 325 609 364; x_wconf 91' lang='lat' dir='ltr'>de</span> <span class='ocrx_word' id='word_1_50' title='bbox 633 324 798 378; x_wconf 81' lang='lat' dir='ltr'>Rypon’</span> <span class='ocrx_word' id='word_1_51' title='bbox 821 327 866 363; x_wconf 87' lang='lat' dir='ltr'>et</span> <span class='ocrx_word' id='word_1_52' title='bbox 887 323 1051 362; x_wconf 91' lang='lat' dir='ltr'>domini</span> <span class='ocrx_word' id='word_1_53' title='bbox 1073 322 1100 363; x_wconf 87' lang='lat' dir='ltr'><strong>J</strong></span> <span class='ocrx_word' id='word_1_54' title='bbox 1103 321 1284 362; x_wconf 86' lang='lat' dir='ltr'>ohannis</span> <span class='ocrx_word' id='word_1_55' title='bbox 1315 322 1368 362; x_wconf 93' lang='lat' dir='ltr'>de</span> <span class='ocrx_word' id='word_1_56' title='bbox 1390 320 1693 375; x_wconf 80' lang='lat' dir='ltr'>Alhalowgate,</span> <span class='ocrx_word' id='word_1_57' title='bbox 1715 322 1855 375; x_wconf 89' lang='lat' dir='ltr'>capel-</span> 
     </span>
     <span class='ocr_line' id='line_1_25' title="bbox 314 384 1855 441; baseline -0.003 -13"><span class='ocrx_word' id='word_1_58' title='bbox 314 388 402 427; x_wconf 82' lang='lat' dir='ltr'>lani</span> <span class='ocrx_word' id='word_1_59' title='bbox 423 387 777 441; x_wconf 86' lang='lat' dir='ltr'>parochianorum</span> <span class='ocrx_word' id='word_1_60' title='bbox 794 388 920 427; x_wconf 83' lang='lat' dir='ltr'>dictae</span> <span class='ocrx_word' id='word_1_61' title='bbox 942 386 1129 426; x_wconf 78' lang='lat' dir='ltr'>ecclesiae</span> <span class='ocrx_word' id='word_1_62' title='bbox 1143 387 1195 426; x_wconf 94' lang='lat' dir='ltr'>de</span> <span class='ocrx_word' id='word_1_63' title='bbox 1210 385 1389 440; x_wconf 86' lang='lat' dir='ltr'>Rypon’,</span> <span class='ocrx_word' id='word_1_64' title='bbox 1406 385 1528 425; x_wconf 88' lang='lat' dir='ltr'>nobis</span> <span class='ocrx_word' id='word_1_65' title='bbox 1547 388 1614 424; x_wconf 81' lang='lat' dir='ltr'>est</span> <span class='ocrx_word' id='word_1_66' title='bbox 1631 384 1855 425; x_wconf 85' lang='lat' dir='ltr'>humiliter</span> 
     </span>
     <span class='ocr_line' id='line_1_26' title="bbox 316 450 1855 505; baseline -0.003 -13"><span class='ocrx_word' id='word_1_67' title='bbox 316 452 623 505; x_wconf 78' lang='lat' dir='ltr'>supplicatum,</span> <span class='ocrx_word' id='word_1_68' title='bbox 646 456 697 492; x_wconf 94' lang='lat' dir='ltr'>ut</span> <span class='ocrx_word' id='word_1_69' title='bbox 718 451 950 505; x_wconf 91' lang='lat' dir='ltr'>quamdam</span> <span class='ocrx_word' id='word_1_70' title='bbox 978 451 1295 490; x_wconf 83' lang='lat' dir='ltr'>ordinacionem</span> <span class='ocrx_word' id='word_1_71' title='bbox 1327 450 1380 490; x_wconf 92' lang='lat' dir='ltr'>de</span> <span class='ocrx_word' id='word_1_72' title='bbox 1412 463 1497 489; x_wconf 86' lang='lat' dir='ltr'>una</span> <span class='ocrx_word' id='word_1_73' title='bbox 1528 452 1736 502; x_wconf 88' lang='lat' dir='ltr'>perpetua</span> <span class='ocrx_word' id='word_1_74' title='bbox 1757 463 1855 489; x_wconf 85' lang='lat' dir='ltr'>can-</span> 
     </span>
     <span class='ocr_line' id='line_1_27' title="bbox 313 512 1854 568; baseline -0.002 -13"><span class='ocrx_word' id='word_1_75' title='bbox 313 516 423 555; x_wconf 90' lang='lat' dir='ltr'>taria</span> <span class='ocrx_word' id='word_1_76' title='bbox 443 530 518 568; x_wconf 91' lang='lat' dir='ltr'>per</span> <span class='ocrx_word' id='word_1_77' title='bbox 544 529 682 555; x_wconf 90' lang='lat' dir='ltr'>unum</span> <span class='ocrx_word' id='word_1_78' title='bbox 705 515 968 555; x_wconf 76' lang='lat' dir='ltr'>sacerdotem</span> <span class='ocrx_word' id='word_1_79' title='bbox 988 514 1035 553; x_wconf 91' lang='lat' dir='ltr'>in</span> <span class='ocrx_word' id='word_1_80' title='bbox 1055 515 1148 567; x_wconf 85' lang='lat' dir='ltr'>ipsa</span> <span class='ocrx_word' id='word_1_81' title='bbox 1174 514 1352 553; x_wconf 87' lang='lat' dir='ltr'>ecclesia</span> <span class='ocrx_word' id='word_1_82' title='bbox 1382 512 1547 566; x_wconf 75' lang='lat' dir='ltr'>Rypon’</span> <span class='ocrx_word' id='word_1_83' title='bbox 1569 512 1778 563; x_wconf 86' lang='lat' dir='ltr'>facienda,</span> <span class='ocrx_word' id='word_1_84' title='bbox 1800 513 1854 552; x_wconf 92' lang='lat' dir='ltr'>de</span> 
     </span>
     <span class='ocr_line' id='line_1_28' title="bbox 314 575 1856 632; baseline -0.003 -13"><span class='ocrx_word' id='word_1_85' title='bbox 314 581 440 619; x_wconf 90' lang='lat' dir='ltr'>terris</span> <span class='ocrx_word' id='word_1_86' title='bbox 464 584 508 619; x_wconf 90' lang='lat' dir='ltr'>et</span> <span class='ocrx_word' id='word_1_87' title='bbox 534 579 876 632; x_wconf 83' lang='lat' dir='ltr'>possessionibus</span> <span class='ocrx_word' id='word_1_88' title='bbox 899 582 944 618; x_wconf 91' lang='lat' dir='ltr'>et</span> <span class='ocrx_word' id='word_1_89' title='bbox 968 577 1211 618; x_wconf 80' lang='lat' dir='ltr'>redditibus</span> <span class='ocrx_word' id='word_1_90' title='bbox 1241 578 1378 630; x_wconf 90' lang='lat' dir='ltr'>ipsius</span> <span class='ocrx_word' id='word_1_91' title='bbox 1410 576 1619 617; x_wconf 82' lang='lat' dir='ltr'>Johannis</span> <span class='ocrx_word' id='word_1_92' title='bbox 1651 577 1704 616; x_wconf 92' lang='lat' dir='ltr'>de</span> <span class='ocrx_word' id='word_1_93' title='bbox 1737 575 1856 617; x_wconf 83' lang='lat' dir='ltr'>Shir-</span> 
     </span>
     <span class='ocr_line' id='line_1_29' title="bbox 314 639 1856 696; baseline -0.002 -13"><span class='ocrx_word' id='word_1_94' title='bbox 314 644 431 684; x_wconf 87' lang='lat' dir='ltr'>wode</span> <span class='ocrx_word' id='word_1_95' title='bbox 453 657 528 696; x_wconf 90' lang='lat' dir='ltr'>per</span> <span class='ocrx_word' id='word_1_96' title='bbox 550 643 841 683; x_wconf 90' lang='lat' dir='ltr'>venerabilem</span> <span class='ocrx_word' id='word_1_97' title='bbox 872 646 1041 695; x_wconf 87' lang='lat' dir='ltr'>patrem</span> <span class='ocrx_word' id='word_1_98' title='bbox 1072 642 1298 681; x_wconf 92' lang='lat' dir='ltr'>dominum</span> <span class='ocrx_word' id='word_1_99' title='bbox 1330 642 1357 682; x_wconf 88' lang='lat' dir='ltr'>J</span> <span class='ocrx_word' id='word_1_100' title='bbox 1360 639 1588 691; x_wconf 90' lang='lat' dir='ltr'>ohannem,</span> <span class='ocrx_word' id='word_1_101' title='bbox 1610 641 1692 680; x_wconf 91' lang='lat' dir='ltr'>Dei</span> <span class='ocrx_word' id='word_1_102' title='bbox 1713 641 1856 695; x_wconf 80' lang='lat' dir='ltr'>gracia</span> 
     </span>
     <span class='ocr_line' id='line_1_30' title="bbox 314 705 1855 761; baseline -0.003 -14"><span class='ocrx_word' id='word_1_103' title='bbox 314 707 695 761; x_wconf 90' lang='lat' dir='ltr'>Archiepiscopum</span> <span class='ocrx_word' id='word_1_104' title='bbox 721 707 864 757; x_wconf 89' lang='lat' dir='ltr'>Ebor.,</span> <span class='ocrx_word' id='word_1_105' title='bbox 891 706 1060 760; x_wconf 85' lang='lat' dir='ltr'>Angliae</span> <span class='ocrx_word' id='word_1_106' title='bbox 1089 706 1342 756; x_wconf 89' lang='lat' dir='ltr'>Primatem,</span> <span class='ocrx_word' id='word_1_107' title='bbox 1372 709 1416 745; x_wconf 87' lang='lat' dir='ltr'>et</span> <span class='ocrx_word' id='word_1_108' title='bbox 1447 705 1702 758; x_wconf 86' lang='lat' dir='ltr'>Apostolicae</span> <span class='ocrx_word' id='word_1_109' title='bbox 1733 705 1855 746; x_wconf 84' lang='lat' dir='ltr'>Sedis</span> 
     </span>
     <span class='ocr_line' id='line_1_31' title="bbox 314 769 1857 826; baseline -0.002 -15"><span class='ocrx_word' id='word_1_110' title='bbox 314 772 531 826; x_wconf 86' lang='lat' dir='ltr'>Legatum</span> <span class='ocrx_word' id='word_1_111' title='bbox 557 785 695 825; x_wconf 81' lang='lat' dir='ltr'>nuper</span> <span class='ocrx_word' id='word_1_112' title='bbox 721 771 894 822; x_wconf 86' lang='lat' dir='ltr'>factam,</span> <span class='ocrx_word' id='word_1_113' title='bbox 931 771 1176 820; x_wconf 76' lang='lat' dir='ltr'>admittere,</span> <span class='ocrx_word' id='word_1_114' title='bbox 1202 770 1428 820; x_wconf 87' lang='lat' dir='ltr'>ratificare,</span> <span class='ocrx_word' id='word_1_115' title='bbox 1461 773 1503 809; x_wconf 87' lang='lat' dir='ltr'>et</span> <span class='ocrx_word' id='word_1_116' title='bbox 1536 769 1782 822; x_wconf 90' lang='lat' dir='ltr'>approbare,</span> <span class='ocrx_word' id='word_1_117' title='bbox 1812 772 1857 809; x_wconf 89' lang='lat' dir='ltr'>et</span> 
     </span>
     <span class='ocr_line' id='line_1_32' title="bbox 314 832 1856 889; baseline -0.001 -15"><span class='ocrx_word' id='word_1_118' title='bbox 314 835 482 875; x_wconf 82' lang='lat' dir='ltr'>litteras</span> <span class='ocrx_word' id='word_1_119' title='bbox 504 836 639 889; x_wconf 89' lang='lat' dir='ltr'>ipsius</span> <span class='ocrx_word' id='word_1_120' title='bbox 661 835 944 876; x_wconf 87' lang='lat' dir='ltr'>ordinacionis</span> <span class='ocrx_word' id='word_1_121' title='bbox 966 834 1011 873; x_wconf 93' lang='lat' dir='ltr'>in</span> <span class='ocrx_word' id='word_1_122' title='bbox 1033 832 1215 874; x_wconf 86' lang='lat' dir='ltr'>archivis</span> <span class='ocrx_word' id='word_1_123' title='bbox 1237 834 1394 874; x_wconf 89' lang='lat' dir='ltr'>nostris</span> <span class='ocrx_word' id='word_1_124' title='bbox 1418 833 1533 873; x_wconf 83' lang='lat' dir='ltr'>salvo</span> <span class='ocrx_word' id='word_1_125' title='bbox 1559 833 1788 883; x_wconf 89' lang='lat' dir='ltr'>custodire,</span> <span class='ocrx_word' id='word_1_126' title='bbox 1809 846 1856 872; x_wconf 89' lang='lat' dir='ltr'>ac</span> 
     </span>
     <span class='ocr_line' id='line_1_33' title="bbox 315 897 1858 953; baseline -0.003 -13"><span class='ocrx_word' id='word_1_127' title='bbox 315 900 460 940; x_wconf 91' lang='lat' dir='ltr'>omnia</span> <span class='ocrx_word' id='word_1_128' title='bbox 481 900 526 939; x_wconf 90' lang='lat' dir='ltr'>in</span> <span class='ocrx_word' id='word_1_129' title='bbox 548 900 640 953; x_wconf 89' lang='lat' dir='ltr'>ipsa</span> <span class='ocrx_word' id='word_1_130' title='bbox 661 900 932 940; x_wconf 83' lang='lat' dir='ltr'>ordinacione</span> <span class='ocrx_word' id='word_1_131' title='bbox 954 912 1030 938; x_wconf 90' lang='lat' dir='ltr'>nos</span> <span class='ocrx_word' id='word_1_132' title='bbox 1052 898 1356 938; x_wconf 89' lang='lat' dir='ltr'>concernencia</span> <span class='ocrx_word' id='word_1_133' title='bbox 1386 897 1621 950; x_wconf 85' lang='lat' dir='ltr'>adimplere</span> <span class='ocrx_word' id='word_1_134' title='bbox 1653 897 1858 937; x_wconf 85' lang='lat' dir='ltr'>effectua-</span> 
     </span>
     <span class='ocr_line' id='line_1_34' title="bbox 314 962 1640 1016; baseline -0.002 -13"><span class='ocrx_word' id='word_1_135' title='bbox 314 963 415 1003; x_wconf 84' lang='lat' dir='ltr'>liter</span> <span class='ocrx_word' id='word_1_136' title='bbox 436 977 698 1003; x_wconf 90' lang='lat' dir='ltr'>curaremus.</span> <span class='ocrx_word' id='word_1_137' title='bbox 761 963 864 1011; x_wconf 82' lang='lat' dir='ltr'>Quae</span> <span class='ocrx_word' id='word_1_138' title='bbox 886 963 1062 1016; x_wconf 90' lang='lat' dir='ltr'>quidem</span> <span class='ocrx_word' id='word_1_139' title='bbox 1084 962 1299 1002; x_wconf 88' lang='lat' dir='ltr'>ordinacio</span> <span class='ocrx_word' id='word_1_140' title='bbox 1322 962 1380 1001; x_wconf 91' lang='lat' dir='ltr'>sic</span> <span class='ocrx_word' id='word_1_141' title='bbox 1402 962 1552 1014; x_wconf 79' lang='lat' dir='ltr'>incipit</span> <span class='ocrx_word' id='word_1_142' title='bbox 1569 977 1640 1001; x_wconf 76' lang='lat'>2-—</span> 
     </span>
    </p>

    <p class='ocr_par' dir='ltr' id='par_1_11' title="bbox 316 1025 1860 1782">
     <span class='ocr_line' id='line_1_35' title="bbox 406 1025 1856 1079; baseline -0.002 -13"><span class='ocrx_word' id='word_1_143' title='bbox 406 1029 417 1048; x_wconf 87' lang='lat'>‘</span> <span class='ocrx_word' id='word_1_144' title='bbox 436 1027 656 1067; x_wconf 82' lang='lat' dir='ltr'>Universis</span> <span class='ocrx_word' id='word_1_145' title='bbox 689 1025 847 1067; x_wconf 83' lang='lat' dir='ltr'>Christi</span> <span class='ocrx_word' id='word_1_146' title='bbox 878 1026 1077 1066; x_wconf 88' lang='lat' dir='ltr'>fidelibus</span> <span class='ocrx_word' id='word_1_147' title='bbox 1109 1030 1341 1079; x_wconf 79' lang='lat' dir='ltr'>praesentes</span> <span class='ocrx_word' id='word_1_148' title='bbox 1373 1026 1539 1064; x_wconf 83' lang='lat' dir='ltr'>litteras</span> <span class='ocrx_word' id='word_1_149' title='bbox 1580 1025 1856 1078; x_wconf 79' lang='lat' dir='ltr'>inspecturis,</span> 
     </span>
     <span class='ocr_line' id='line_1_36' title="bbox 317 1088 1856 1144; baseline -0.003 -13"><span class='ocrx_word' id='word_1_150' title='bbox 317 1091 344 1132; x_wconf 88' lang='lat' dir='ltr'><strong>J</strong></span> <span class='ocrx_word' id='word_1_151' title='bbox 347 1090 550 1142; x_wconf 86' lang='lat' dir='ltr'>ohannes,</span> <span class='ocrx_word' id='word_1_152' title='bbox 592 1091 872 1144; x_wconf 89' lang='lat' dir='ltr'>permissione</span> <span class='ocrx_word' id='word_1_153' title='bbox 917 1090 1072 1130; x_wconf 86' lang='lat' dir='ltr'>Divina</span> <span class='ocrx_word' id='word_1_154' title='bbox 1113 1090 1238 1130; x_wconf 88' lang='lat' dir='ltr'>Ebor.</span> <span class='ocrx_word' id='word_1_155' title='bbox 1278 1088 1647 1142; x_wconf 86' lang='lat' dir='ltr'>Archiepiscopus,</span> <span class='ocrx_word' id='word_1_156' title='bbox 1689 1089 1856 1143; x_wconf 76' lang='lat' dir='ltr'>Angliae</span> 
     </span>
     <span class='ocr_line' id='line_1_37' title="bbox 316 1153 1856 1208; baseline -0.001 -14"><span class='ocrx_word' id='word_1_157' title='bbox 316 1156 498 1205; x_wconf 90' lang='lat' dir='ltr'>Primas,</span> <span class='ocrx_word' id='word_1_158' title='bbox 513 1159 558 1195; x_wconf 90' lang='lat' dir='ltr'>et</span> <span class='ocrx_word' id='word_1_159' title='bbox 571 1155 824 1208; x_wconf 86' lang='lat' dir='ltr'>Apostolicae</span> <span class='ocrx_word' id='word_1_160' title='bbox 840 1154 962 1195; x_wconf 83' lang='lat' dir='ltr'>Sedis</span> <span class='ocrx_word' id='word_1_161' title='bbox 978 1155 1184 1208; x_wconf 86' lang='lat' dir='ltr'>Legatus,</span> <span class='ocrx_word' id='word_1_162' title='bbox 1199 1154 1384 1194; x_wconf 90' lang='lat' dir='ltr'>salutem</span> <span class='ocrx_word' id='word_1_163' title='bbox 1399 1154 1444 1192; x_wconf 92' lang='lat' dir='ltr'>in</span> <span class='ocrx_word' id='word_1_164' title='bbox 1459 1153 1521 1192; x_wconf 90' lang='lat' dir='ltr'>Eo</span> <span class='ocrx_word' id='word_1_165' title='bbox 1536 1153 1674 1201; x_wconf 84' lang='lat' dir='ltr'>Quem</span> <span class='ocrx_word' id='word_1_166' title='bbox 1688 1154 1856 1206; x_wconf 83' lang='lat' dir='ltr'>peperit</span> 
     </span>
     <span class='ocr_line' id='line_1_38' title="bbox 316 1217 1857 1273; baseline -0.001 -16"><span class='ocrx_word' id='word_1_167' title='bbox 316 1219 450 1273; x_wconf 86' lang='lat' dir='ltr'>Virgo</span> <span class='ocrx_word' id='word_1_168' title='bbox 471 1233 682 1272; x_wconf 87' lang='lat' dir='ltr'>puerpera</span> <span class='ocrx_word' id='word_1_169' title='bbox 704 1219 916 1258; x_wconf 88' lang='lat' dir='ltr'>salutaris.</span> <span class='ocrx_word' id='word_1_170' title='bbox 949 1219 1015 1258; x_wconf 94' lang='lat' dir='ltr'>Ad</span> <span class='ocrx_word' id='word_1_171' title='bbox 1028 1218 1316 1272; x_wconf 88' lang='lat' dir='ltr'>promovenda</span> <span class='ocrx_word' id='word_1_172' title='bbox 1337 1217 1474 1257; x_wconf 87' lang='lat' dir='ltr'>officio</span> <span class='ocrx_word' id='word_1_173' title='bbox 1495 1221 1641 1256; x_wconf 91' lang='lat' dir='ltr'>nostro</span> <span class='ocrx_word' id='word_1_174' title='bbox 1657 1217 1857 1269; x_wconf 88' lang='lat' dir='ltr'>pastorali</span> 
     </span>
     <span class='ocr_line' id='line_1_39' title="bbox 317 1282 1858 1337; baseline -0.003 -13"><span class='ocrx_word' id='word_1_175' title='bbox 317 1284 495 1337; x_wconf 89' lang='lat' dir='ltr'>pietatis</span> <span class='ocrx_word' id='word_1_176' title='bbox 517 1297 645 1337; x_wconf 88' lang='lat' dir='ltr'>opera</span> <span class='ocrx_word' id='word_1_177' title='bbox 665 1284 757 1323; x_wconf 92' lang='lat' dir='ltr'>Deo</span> <span class='ocrx_word' id='word_1_178' title='bbox 782 1287 918 1337; x_wconf 84' lang='lat' dir='ltr'>grata,</span> <span class='ocrx_word' id='word_1_179' title='bbox 950 1286 994 1322; x_wconf 93' lang='lat' dir='ltr'>et</span> <span class='ocrx_word' id='word_1_180' title='bbox 1025 1283 1248 1336; x_wconf 87' lang='lat' dir='ltr'>potissime</span> <span class='ocrx_word' id='word_1_181' title='bbox 1280 1282 1581 1322; x_wconf 87' lang='lat' dir='ltr'>celebracionis</span> <span class='ocrx_word' id='word_1_182' title='bbox 1604 1282 1858 1321; x_wconf 89' lang='lat' dir='ltr'>Divinorum</span> 
     </span>
     <span class='ocr_line' id='line_1_40' title="bbox 317 1341 1857 1399; baseline 0 -14"><span class='ocrx_word' id='word_1_183' title='bbox 317 1360 393 1399; x_wconf 90' lang='lat' dir='ltr'>per</span> <span class='ocrx_word' id='word_1_184' title='bbox 414 1341 707 1386; x_wconf 87' lang='lat' dir='ltr'>ministerium</span> <span class='ocrx_word' id='word_1_185' title='bbox 731 1346 996 1386; x_wconf 84' lang='lat' dir='ltr'>sacerdotum</span> <span class='ocrx_word' id='word_1_186' title='bbox 1029 1346 1109 1386; x_wconf 92' lang='lat' dir='ltr'>Dei</span> <span class='ocrx_word' id='word_1_187' title='bbox 1141 1346 1423 1399; x_wconf 83' lang='lat' dir='ltr'>peculiarium</span> <span class='ocrx_word' id='word_1_188' title='bbox 1455 1345 1752 1385; x_wconf 87' lang='lat' dir='ltr'>ministrorum</span> <span class='ocrx_word' id='word_1_189' title='bbox 1776 1348 1857 1385; x_wconf 88' lang='lat' dir='ltr'>etc.</span> 
     </span>
     <span class='ocr_line' id='line_1_41' title="bbox 317 1408 1860 1463; baseline -0.001 -14"><span class='ocrx_word' id='word_1_190' title='bbox 317 1411 375 1450; x_wconf 91' lang='lat' dir='ltr'>Et</span> <span class='ocrx_word' id='word_1_191' title='bbox 410 1410 467 1449; x_wconf 90' lang='lat' dir='ltr'>sic</span> <span class='ocrx_word' id='word_1_192' title='bbox 500 1410 612 1460; x_wconf 89' lang='lat' dir='ltr'>finit,</span> <span class='ocrx_word' id='word_1_193' title='bbox 650 1409 844 1449; x_wconf 87' lang='lat' dir='ltr'>Eandem</span> <span class='ocrx_word' id='word_1_194' title='bbox 878 1410 1195 1449; x_wconf 85' lang='lat' dir='ltr'>ordinacionem</span> <span class='ocrx_word' id='word_1_195' title='bbox 1232 1412 1276 1449; x_wconf 89' lang='lat' dir='ltr'>et</span> <span class='ocrx_word' id='word_1_196' title='bbox 1309 1409 1452 1448; x_wconf 88' lang='lat' dir='ltr'>omnia</span> <span class='ocrx_word' id='word_1_197' title='bbox 1484 1409 1567 1448; x_wconf 91' lang='lat' dir='ltr'>alia</span> <span class='ocrx_word' id='word_1_198' title='bbox 1601 1412 1645 1448; x_wconf 91' lang='lat' dir='ltr'>et</span> <span class='ocrx_word' id='word_1_199' title='bbox 1688 1408 1860 1463; x_wconf 87' lang='lat' dir='ltr'>singula</span> 
     </span>
     <span class='ocr_line' id='line_1_42' title="bbox 317 1472 1859 1527; baseline -0.001 -14"><span class='ocrx_word' id='word_1_200' title='bbox 317 1474 548 1527; x_wconf 81' lang='lat' dir='ltr'>praemissa,</span> <span class='ocrx_word' id='word_1_201' title='bbox 571 1477 784 1527; x_wconf 89' lang='lat' dir='ltr'>quatenus</span> <span class='ocrx_word' id='word_1_202' title='bbox 817 1473 870 1513; x_wconf 88' lang='lat' dir='ltr'>ad</span> <span class='ocrx_word' id='word_1_203' title='bbox 901 1487 977 1513; x_wconf 90' lang='lat' dir='ltr'>nos</span> <span class='ocrx_word' id='word_1_204' title='bbox 999 1474 1174 1524; x_wconf 87' lang='lat' dir='ltr'>attinet,</span> <span class='ocrx_word' id='word_1_205' title='bbox 1196 1477 1487 1526; x_wconf 86' lang='lat' dir='ltr'>acceptamus,</span> <span class='ocrx_word' id='word_1_206' title='bbox 1509 1472 1789 1522; x_wconf 87' lang='lat' dir='ltr'>ratificamus,</span> <span class='ocrx_word' id='word_1_207' title='bbox 1814 1476 1859 1512; x_wconf 88' lang='lat' dir='ltr'>et</span> 
     </span>
     <span class='ocr_line' id='line_1_43' title="bbox 319 1536 1860 1590; baseline -0.001 -13"><span class='ocrx_word' id='word_1_208' title='bbox 319 1537 618 1590; x_wconf 86' lang='lat' dir='ltr'>approbamus,</span> <span class='ocrx_word' id='word_1_209' title='bbox 641 1551 688 1576; x_wconf 89' lang='lat' dir='ltr'>ac</span> <span class='ocrx_word' id='word_1_210' title='bbox 710 1537 843 1576; x_wconf 89' lang='lat' dir='ltr'>eciam</span> <span class='ocrx_word' id='word_1_211' title='bbox 865 1536 1180 1577; x_wconf 89' lang='lat' dir='ltr'>confirmamus.</span> <span class='ocrx_word' id='word_1_212' title='bbox 1242 1538 1294 1576; x_wconf 93' lang='lat' dir='ltr'>In</span> <span class='ocrx_word' id='word_1_213' title='bbox 1316 1550 1498 1590; x_wconf 90' lang='lat' dir='ltr'>quorum</span> <span class='ocrx_word' id='word_1_214' title='bbox 1520 1537 1714 1575; x_wconf 88' lang='lat' dir='ltr'>omnium</span> <span class='ocrx_word' id='word_1_215' title='bbox 1735 1537 1860 1576; x_wconf 85' lang='lat' dir='ltr'>testi-</span> 
     </span>
     <span class='ocr_line' id='line_1_44' title="bbox 320 1600 1858 1654; baseline 0.001 -14"><span class='ocrx_word' id='word_1_216' title='bbox 320 1602 516 1641; x_wconf 90' lang='lat' dir='ltr'>monium</span> <span class='ocrx_word' id='word_1_217' title='bbox 540 1602 733 1654; x_wconf 83' lang='lat' dir='ltr'>sigillum</span> <span class='ocrx_word' id='word_1_218' title='bbox 759 1604 956 1641; x_wconf 88' lang='lat' dir='ltr'>nostrum</span> <span class='ocrx_word' id='word_1_219' title='bbox 984 1601 1268 1654; x_wconf 76' lang='lat' dir='ltr'>praesentibus</span> <span class='ocrx_word' id='word_1_220' title='bbox 1290 1604 1358 1641; x_wconf 93' lang='lat' dir='ltr'>est</span> <span class='ocrx_word' id='word_1_221' title='bbox 1379 1614 1631 1654; x_wconf 90' lang='lat' dir='ltr'>appensum.</span> <span class='ocrx_word' id='word_1_222' title='bbox 1693 1600 1790 1640; x_wconf 89' lang='lat' dir='ltr'>Dat.</span> <span class='ocrx_word' id='word_1_223' title='bbox 1813 1601 1858 1641; x_wconf 92' lang='lat' dir='ltr'>in</span> 
     </span>
     <span class='ocr_line' id='line_1_45' title="bbox 320 1664 1856 1718; baseline 0.001 -14"><span class='ocrx_word' id='word_1_224' title='bbox 320 1666 447 1705; x_wconf 90' lang='lat' dir='ltr'>domo</span> <span class='ocrx_word' id='word_1_225' title='bbox 463 1668 608 1704; x_wconf 88' lang='lat' dir='ltr'>nostra</span> <span class='ocrx_word' id='word_1_226' title='bbox 624 1664 863 1718; x_wconf 84' lang='lat' dir='ltr'>capitulari,</span> <span class='ocrx_word' id='word_1_227' title='bbox 882 1665 1069 1705; x_wconf 92' lang='lat' dir='ltr'>secundo</span> <span class='ocrx_word' id='word_1_228' title='bbox 1090 1665 1160 1705; x_wconf 90' lang='lat' dir='ltr'>die</span> <span class='ocrx_word' id='word_1_229' title='bbox 1182 1665 1343 1705; x_wconf 90' lang='lat' dir='ltr'>mensis</span> <span class='ocrx_word' id='word_1_230' title='bbox 1364 1665 1531 1715; x_wconf 86' lang='lat' dir='ltr'>Marcii,</span> <span class='ocrx_word' id='word_1_231' title='bbox 1545 1664 1667 1704; x_wconf 91' lang='lat' dir='ltr'>Anno</span> <span class='ocrx_word' id='word_1_232' title='bbox 1683 1664 1856 1706; x_wconf 82' lang='lat' dir='ltr'>Domini</span> 
     </span>
     <span class='ocr_line' id='line_1_46' title="bbox 323 1728 593 1782; baseline 0 -14"><span class='ocrx_word' id='word_1_233' title='bbox 323 1728 593 1782; x_wconf 87' lang='lat' dir='ltr'>supradicto.’</span> 
     </span>
    </p>

    <p class='ocr_par' dir='ltr' id='par_1_12' title="bbox 321 1791 1859 2738">
     <span class='ocr_line' id='line_1_47' title="bbox 409 1791 1857 1848; baseline -0.001 -16"><span class='ocrx_word' id='word_1_234' title='bbox 409 1793 497 1832; x_wconf 93' lang='lat' dir='ltr'>Nos</span> <span class='ocrx_word' id='word_1_235' title='bbox 520 1793 656 1848; x_wconf 87' lang='lat' dir='ltr'>igitur</span> <span class='ocrx_word' id='word_1_236' title='bbox 676 1793 916 1846; x_wconf 90' lang='lat' dir='ltr'>capitulum</span> <span class='ocrx_word' id='word_1_237' title='bbox 935 1794 1242 1847; x_wconf 89' lang='lat' dir='ltr'>supradictum,</span> <span class='ocrx_word' id='word_1_238' title='bbox 1257 1791 1446 1833; x_wconf 80' lang='lat' dir='ltr'>exhibita</span> <span class='ocrx_word' id='word_1_239' title='bbox 1462 1793 1576 1832; x_wconf 89' lang='lat' dir='ltr'>dicta</span> <span class='ocrx_word' id='word_1_240' title='bbox 1589 1792 1857 1832; x_wconf 88' lang='lat' dir='ltr'>ordinacione</span> 
     </span>
     <span class='ocr_line' id='line_1_48' title="bbox 321 1855 1858 1911; baseline -0.001 -15"><span class='ocrx_word' id='word_1_241' title='bbox 321 1860 366 1897; x_wconf 91' lang='lat' dir='ltr'>et</span> <span class='ocrx_word' id='word_1_242' title='bbox 388 1860 559 1897; x_wconf 90' lang='lat' dir='ltr'>ostensa</span> <span class='ocrx_word' id='word_1_243' title='bbox 580 1871 722 1897; x_wconf 88' lang='lat' dir='ltr'>coram</span> <span class='ocrx_word' id='word_1_244' title='bbox 745 1857 881 1907; x_wconf 83' lang='lat' dir='ltr'>nobis,</span> <span class='ocrx_word' id='word_1_245' title='bbox 903 1871 950 1897; x_wconf 87' lang='lat' dir='ltr'>ac</span> <span class='ocrx_word' id='word_1_246' title='bbox 973 1857 1099 1911; x_wconf 88' lang='lat' dir='ltr'>plena</span> <span class='ocrx_word' id='word_1_247' title='bbox 1120 1857 1431 1897; x_wconf 88' lang='lat' dir='ltr'>deliberacione</span> <span class='ocrx_word' id='word_1_248' title='bbox 1464 1855 1612 1896; x_wconf 87' lang='lat' dir='ltr'>habita</span> <span class='ocrx_word' id='word_1_249' title='bbox 1644 1870 1770 1909; x_wconf 88' lang='lat' dir='ltr'>super</span> <span class='ocrx_word' id='word_1_250' title='bbox 1795 1870 1858 1906; x_wconf 88' lang='lat' dir='ltr'>ea,</span> 
     </span>
     <span class='ocr_line' id='line_1_49' title="bbox 321 1921 1859 1975; baseline -0.001 -14"><span class='ocrx_word' id='word_1_251' title='bbox 321 1935 450 1974; x_wconf 89' lang='lat' dir='ltr'>penes</span> <span class='ocrx_word' id='word_1_252' title='bbox 477 1935 553 1961; x_wconf 90' lang='lat' dir='ltr'>nos</span> <span class='ocrx_word' id='word_1_253' title='bbox 575 1921 769 1975; x_wconf 87' lang='lat' dir='ltr'>deposita</span> <span class='ocrx_word' id='word_1_254' title='bbox 791 1924 835 1961; x_wconf 89' lang='lat' dir='ltr'>et</span> <span class='ocrx_word' id='word_1_255' title='bbox 857 1922 1181 1975; x_wconf 87' lang='lat' dir='ltr'>imperpetuum</span> <span class='ocrx_word' id='word_1_256' title='bbox 1212 1934 1476 1971; x_wconf 86' lang='lat' dir='ltr'>remansura,</span> <span class='ocrx_word' id='word_1_257' title='bbox 1498 1921 1696 1960; x_wconf 87' lang='lat' dir='ltr'>intimius</span> <span class='ocrx_word' id='word_1_258' title='bbox 1718 1924 1859 1960; x_wconf 87' lang='lat' dir='ltr'>atten-</span> 
     </span>
     <span class='ocr_line' id='line_1_50' title="bbox 321 1983 1858 2039; baseline -0.001 -15"><span class='ocrx_word' id='word_1_259' title='bbox 321 1985 488 2034; x_wconf 46' lang='lat' dir='ltr'>dente&amp;</span> <span class='ocrx_word' id='word_1_260' title='bbox 510 1985 648 2038; x_wconf 85' lang='lat' dir='ltr'>ipsam</span> <span class='ocrx_word' id='word_1_261' title='bbox 671 1985 989 2025; x_wconf 85' lang='lat' dir='ltr'>ordinacionem</span> <span class='ocrx_word' id='word_1_262' title='bbox 1003 1985 1091 2025; x_wconf 88' lang='lat' dir='ltr'>fore</span> <span class='ocrx_word' id='word_1_263' title='bbox 1114 1985 1204 2024; x_wconf 91' lang='lat' dir='ltr'>Deo</span> <span class='ocrx_word' id='word_1_264' title='bbox 1225 1988 1408 2039; x_wconf 85' lang='lat' dir='ltr'>gratam,</span> <span class='ocrx_word' id='word_1_265' title='bbox 1430 1987 1474 2024; x_wconf 88' lang='lat' dir='ltr'>et</span> <span class='ocrx_word' id='word_1_266' title='bbox 1495 1983 1683 2023; x_wconf 81' lang='lat' dir='ltr'>ecclesiae</span> <span class='ocrx_word' id='word_1_267' title='bbox 1703 1986 1858 2022; x_wconf 86' lang='lat' dir='ltr'>nostrae</span> 
     </span>
     <span class='ocr_line' id='line_1_51' title="bbox 322 2047 1858 2102; baseline -0.001 -14"><span class='ocrx_word' id='word_1_268' title='bbox 322 2047 487 2102; x_wconf 88' lang='lat' dir='ltr'>Rypon’</span> <span class='ocrx_word' id='word_1_269' title='bbox 509 2052 718 2102; x_wconf 88' lang='lat' dir='ltr'>perpetuo</span> <span class='ocrx_word' id='word_1_270' title='bbox 739 2048 1020 2102; x_wconf 86' lang='lat' dir='ltr'>profituram,¹</span> <span class='ocrx_word' id='word_1_271' title='bbox 1044 2049 1097 2089; x_wconf 87' lang='lat' dir='ltr'>ad</span> <span class='ocrx_word' id='word_1_272' title='bbox 1118 2049 1353 2088; x_wconf 88' lang='lat' dir='ltr'>instantem</span> <span class='ocrx_word' id='word_1_273' title='bbox 1377 2048 1735 2101; x_wconf 87' lang='lat' dir='ltr'>supplicacionem</span> <span class='ocrx_word' id='word_1_274' title='bbox 1757 2060 1858 2086; x_wconf 87' lang='lat' dir='ltr'>auc-</span> 
     </span>
     <span class='ocr_line' id='line_1_52' title="bbox 324 2110 1858 2164; baseline -0.001 -13"><span class='ocrx_word' id='word_1_275' title='bbox 324 2116 483 2162; x_wconf 92' lang='lat' dir='ltr'>torum,</span> <span class='ocrx_word' id='word_1_276' title='bbox 516 2111 724 2152; x_wconf 88' lang='lat' dir='ltr'>Johannis</span> <span class='ocrx_word' id='word_1_277' title='bbox 756 2112 809 2151; x_wconf 92' lang='lat' dir='ltr'>de</span> <span class='ocrx_word' id='word_1_278' title='bbox 842 2111 1074 2163; x_wconf 82' lang='lat' dir='ltr'>Shirwode,</span> <span class='ocrx_word' id='word_1_279' title='bbox 1110 2116 1155 2152; x_wconf 91' lang='lat' dir='ltr'>et</span> <span class='ocrx_word' id='word_1_280' title='bbox 1188 2112 1353 2152; x_wconf 90' lang='lat' dir='ltr'>domini</span> <span class='ocrx_word' id='word_1_281' title='bbox 1389 2110 1598 2153; x_wconf 85' lang='lat' dir='ltr'>Johannis</span> <span class='ocrx_word' id='word_1_282' title='bbox 1635 2110 1858 2164; x_wconf 89' lang='lat' dir='ltr'>capellani,</span> 
     </span>
     <span class='ocr_line' id='line_1_53' title="bbox 323 2176 1858 2230; baseline -0.001 -15"><span class='ocrx_word' id='word_1_283' title='bbox 323 2177 462 2230; x_wconf 88' lang='lat' dir='ltr'>ipsam</span> <span class='ocrx_word' id='word_1_284' title='bbox 485 2176 804 2216; x_wconf 89' lang='lat' dir='ltr'>ordinacionem</span> <span class='ocrx_word' id='word_1_285' title='bbox 827 2179 871 2216; x_wconf 92' lang='lat' dir='ltr'>et</span> <span class='ocrx_word' id='word_1_286' title='bbox 893 2177 1037 2216; x_wconf 91' lang='lat' dir='ltr'>omnia</span> <span class='ocrx_word' id='word_1_287' title='bbox 1067 2179 1271 2216; x_wconf 87' lang='lat' dir='ltr'>contenta</span> <span class='ocrx_word' id='word_1_288' title='bbox 1290 2176 1336 2215; x_wconf 91' lang='lat' dir='ltr'>in</span> <span class='ocrx_word' id='word_1_289' title='bbox 1368 2177 1517 2216; x_wconf 87' lang='lat' dir='ltr'>eadem</span> <span class='ocrx_word' id='word_1_290' title='bbox 1539 2178 1750 2228; x_wconf 86' lang='lat' dir='ltr'>quatenus</span> <span class='ocrx_word' id='word_1_291' title='bbox 1781 2188 1858 2214; x_wconf 89' lang='lat' dir='ltr'>nos</span> 
     </span>
     <span class='ocr_line' id='line_1_54' title="bbox 322 2239 1858 2291; baseline -0.002 -11"><span class='ocrx_word' id='word_1_292' title='bbox 322 2243 605 2290; x_wconf 88' lang='lat' dir='ltr'>concernunt,</span> <span class='ocrx_word' id='word_1_293' title='bbox 628 2254 678 2280; x_wconf 84' lang='lat' dir='ltr'>ex</span> <span class='ocrx_word' id='word_1_294' title='bbox 700 2243 816 2280; x_wconf 88' lang='lat' dir='ltr'>certa</span> <span class='ocrx_word' id='word_1_295' title='bbox 838 2240 1018 2280; x_wconf 85' lang='lat' dir='ltr'>sciencia</span> <span class='ocrx_word' id='word_1_296' title='bbox 1038 2240 1325 2290; x_wconf 89' lang='lat' dir='ltr'>admittimus,</span> <span class='ocrx_word' id='word_1_297' title='bbox 1347 2239 1621 2289; x_wconf 85' lang='lat' dir='ltr'>ratificamus,</span> <span class='ocrx_word' id='word_1_298' title='bbox 1644 2242 1689 2278; x_wconf 90' lang='lat' dir='ltr'>et</span> <span class='ocrx_word' id='word_1_299' title='bbox 1709 2251 1858 2291; x_wconf 85' lang='lat' dir='ltr'>appro-</span> 
     </span>
     <span class='ocr_line' id='line_1_55' title="bbox 322 2303 1858 2357; baseline -0.002 -13"><span class='ocrx_word' id='word_1_300' title='bbox 322 2304 488 2354; x_wconf 88' lang='lat' dir='ltr'>bamus,</span> <span class='ocrx_word' id='word_1_301' title='bbox 510 2304 694 2344; x_wconf 89' lang='lat' dir='ltr'>fideliter</span> <span class='ocrx_word' id='word_1_302' title='bbox 708 2304 1011 2357; x_wconf 88' lang='lat' dir='ltr'>promittentes</span> <span class='ocrx_word' id='word_1_303' title='bbox 1025 2317 1102 2343; x_wconf 90' lang='lat' dir='ltr'>nos</span> <span class='ocrx_word' id='word_1_304' title='bbox 1118 2303 1227 2343; x_wconf 87' lang='lat' dir='ltr'>velle</span> <span class='ocrx_word' id='word_1_305' title='bbox 1242 2317 1291 2343; x_wconf 87' lang='lat' dir='ltr'>ea</span> <span class='ocrx_word' id='word_1_306' title='bbox 1307 2304 1449 2342; x_wconf 89' lang='lat' dir='ltr'>omnia</span> <span class='ocrx_word' id='word_1_307' title='bbox 1461 2317 1537 2343; x_wconf 89' lang='lat' dir='ltr'>nos</span> <span class='ocrx_word' id='word_1_308' title='bbox 1554 2303 1858 2342; x_wconf 87' lang='lat' dir='ltr'>concernencia</span> 
     </span>
     <span class='ocr_line' id='line_1_56' title="bbox 323 2366 1856 2420; baseline -0.002 -13"><span class='ocrx_word' id='word_1_309' title='bbox 323 2368 646 2420; x_wconf 86' lang='lat' dir='ltr'>imperpetuum</span> <span class='ocrx_word' id='word_1_310' title='bbox 697 2367 934 2407; x_wconf 88' lang='lat' dir='ltr'>observare.</span> <span class='ocrx_word' id='word_1_311' title='bbox 996 2368 1049 2407; x_wconf 93' lang='lat' dir='ltr'>In</span> <span class='ocrx_word' id='word_1_312' title='bbox 1099 2381 1282 2420; x_wconf 89' lang='lat' dir='ltr'>quorum</span> <span class='ocrx_word' id='word_1_313' title='bbox 1324 2367 1518 2406; x_wconf 90' lang='lat' dir='ltr'>omnium</span> <span class='ocrx_word' id='word_1_314' title='bbox 1558 2366 1856 2406; x_wconf 90' lang='lat' dir='ltr'>testimonium</span> 
     </span>
     <span class='ocr_line' id='line_1_57' title="bbox 325 2429 1858 2485; baseline -0.001 -16"><span class='ocrx_word' id='word_1_315' title='bbox 325 2431 517 2485; x_wconf 87' lang='lat' dir='ltr'>sigillum</span> <span class='ocrx_word' id='word_1_316' title='bbox 539 2434 750 2482; x_wconf 83' lang='lat' dir='ltr'>nostrum,</span> <span class='ocrx_word' id='word_1_317' title='bbox 773 2434 817 2470; x_wconf 90' lang='lat' dir='ltr'>et</span> <span class='ocrx_word' id='word_1_318' title='bbox 839 2431 981 2485; x_wconf 86' lang='lat' dir='ltr'>sigilla</span> <span class='ocrx_word' id='word_1_319' title='bbox 1001 2431 1213 2471; x_wconf 75' lang='lat' dir='ltr'>dictorum</span> <span class='ocrx_word' id='word_1_320' title='bbox 1235 2430 1261 2471; x_wconf 90' lang='lat' dir='ltr'><strong>J</strong></span> <span class='ocrx_word' id='word_1_321' title='bbox 1265 2429 1444 2470; x_wconf 90' lang='lat' dir='ltr'>ohannis</span> <span class='ocrx_word' id='word_1_322' title='bbox 1475 2431 1527 2470; x_wconf 93' lang='lat' dir='ltr'>de</span> <span class='ocrx_word' id='word_1_323' title='bbox 1561 2429 1791 2479; x_wconf 84' lang='lat' dir='ltr'>Shirwode,</span> <span class='ocrx_word' id='word_1_324' title='bbox 1814 2432 1858 2468; x_wconf 87' lang='lat' dir='ltr'>et</span> 
     </span>
     <span class='ocr_line' id='line_1_58' title="bbox 323 2492 1859 2547; baseline -0.001 -13"><span class='ocrx_word' id='word_1_325' title='bbox 323 2495 489 2534; x_wconf 87' lang='lat' dir='ltr'>domini</span> <span class='ocrx_word' id='word_1_326' title='bbox 511 2495 537 2535; x_wconf 91' lang='lat' dir='ltr'><strong>J</strong></span> <span class='ocrx_word' id='word_1_327' title='bbox 541 2493 721 2533; x_wconf 90' lang='lat' dir='ltr'>ohannis</span> <span class='ocrx_word' id='word_1_328' title='bbox 743 2495 964 2547; x_wconf 85' lang='lat' dir='ltr'>capellani,</span> <span class='ocrx_word' id='word_1_329' title='bbox 987 2495 1167 2535; x_wconf 90' lang='lat' dir='ltr'>cuilibet</span> <span class='ocrx_word' id='word_1_330' title='bbox 1192 2495 1300 2547; x_wconf 85' lang='lat' dir='ltr'>parti</span> <span class='ocrx_word' id='word_1_331' title='bbox 1332 2492 1463 2546; x_wconf 86' lang='lat' dir='ltr'>hujus</span> <span class='ocrx_word' id='word_1_332' title='bbox 1494 2494 1734 2533; x_wconf 81' lang='lat' dir='ltr'>indenturae</span> <span class='ocrx_word' id='word_1_333' title='bbox 1757 2495 1859 2532; x_wconf 86' lang='lat' dir='ltr'>sunt</span> 
     </span>
     <span class='ocr_line' id='line_1_59' title="bbox 323 2557 1859 2611; baseline -0.002 -14"><span class='ocrx_word' id='word_1_334' title='bbox 323 2571 525 2611; x_wconf 87' lang='lat' dir='ltr'>appensa.</span> <span class='ocrx_word' id='word_1_335' title='bbox 587 2558 685 2597; x_wconf 84' lang='lat' dir='ltr'>Dat.</span> <span class='ocrx_word' id='word_1_336' title='bbox 718 2557 883 2610; x_wconf 85' lang='lat' dir='ltr'>Rypon&#39;</span> <span class='ocrx_word' id='word_1_337' title='bbox 905 2558 950 2596; x_wconf 89' lang='lat' dir='ltr'>in</span> <span class='ocrx_word' id='word_1_338' title='bbox 973 2559 1100 2598; x_wconf 86' lang='lat' dir='ltr'>domo</span> <span class='ocrx_word' id='word_1_339' title='bbox 1131 2561 1277 2598; x_wconf 87' lang='lat' dir='ltr'>nostra</span> <span class='ocrx_word' id='word_1_340' title='bbox 1306 2557 1547 2610; x_wconf 81' lang='lat' dir='ltr'>capitulari,</span> <span class='ocrx_word' id='word_1_341' title='bbox 1570 2557 1734 2596; x_wconf 86' lang='lat' dir='ltr'>decimo</span> <span class='ocrx_word' id='word_1_342' title='bbox 1764 2569 1859 2608; x_wconf 85' lang='lat' dir='ltr'>sep-</span> 
     </span>
     <span class='ocr_line' id='line_1_60' title="bbox 323 2619 1858 2675; baseline -0.002 -15"><span class='ocrx_word' id='word_1_343' title='bbox 323 2623 431 2660; x_wconf 87' lang='lat' dir='ltr'>timo</span> <span class='ocrx_word' id='word_1_344' title='bbox 462 2622 531 2661; x_wconf 93' lang='lat' dir='ltr'>die</span> <span class='ocrx_word' id='word_1_345' title='bbox 564 2622 724 2661; x_wconf 89' lang='lat' dir='ltr'>mensis</span> <span class='ocrx_word' id='word_1_346' title='bbox 756 2621 878 2670; x_wconf 87' lang='lat' dir='ltr'>Julii,</span> <span class='ocrx_word' id='word_1_347' title='bbox 912 2622 1036 2661; x_wconf 85' lang='lat' dir='ltr'>Anno</span> <span class='ocrx_word' id='word_1_348' title='bbox 1072 2622 1245 2661; x_wconf 89' lang='lat' dir='ltr'>Domini</span> <span class='ocrx_word' id='word_1_349' title='bbox 1276 2621 1450 2661; x_wconf 88' lang='lat' dir='ltr'>Domini</span> <span class='ocrx_word' id='word_1_350' title='bbox 1483 2619 1588 2675; x_wconf 74' lang='lat' dir='ltr'>(stc)</span> <span class='ocrx_word' id='word_1_351' title='bbox 1624 2619 1858 2659; x_wconf 86' lang='lat' dir='ltr'>Millesimo</span> 
     </span>
     <span class='ocr_line' id='line_1_61' title="bbox 323 2685 1116 2738; baseline 0 -13"><span class='ocrx_word' id='word_1_352' title='bbox 323 2686 647 2725; x_wconf 85' lang='lat' dir='ltr'>trescentesimo</span> <span class='ocrx_word' id='word_1_353' title='bbox 669 2685 931 2738; x_wconf 81' lang='lat' dir='ltr'>sexagesimo</span> <span class='ocrx_word' id='word_1_354' title='bbox 951 2686 1116 2738; x_wconf 87' lang='lat' dir='ltr'>quinto.</span> 
     </span>
    </p>

    <p class='ocr_par' dir='ltr' id='par_1_13' title="bbox 324 2744 1861 2914">
     <span class='ocr_line' id='line_1_62' title="bbox 417 2744 1861 2801; baseline -0.002 -13"><span class='ocrx_word' id='word_1_355' title='bbox 417 2746 547 2788; x_wconf 56' lang='lat' dir='ltr'>There</span> <span class='ocrx_word' id='word_1_356' title='bbox 569 2746 675 2788; x_wconf 76' lang='lat' dir='ltr'>have</span> <span class='ocrx_word' id='word_1_357' title='bbox 697 2746 799 2788; x_wconf 73' lang='lat' dir='ltr'>been</span> <span class='ocrx_word' id='word_1_358' title='bbox 821 2746 934 2788; x_wconf 66' lang='lat' dir='ltr'>tho-ee</span> <span class='ocrx_word' id='word_1_359' title='bbox 955 2747 1065 2788; x_wconf 73' lang='lat' dir='ltr'>scal-‘3</span> <span class='ocrx_word' id='word_1_360' title='bbox 1097 2746 1296 2789; x_wconf 77' lang='lat' dir='ltr'>attached</span> <span class='ocrx_word' id='word_1_361' title='bbox 1318 2747 1370 2801; x_wconf 75' lang='lat' dir='ltr'>by</span> <span class='ocrx_word' id='word_1_362' title='bbox 1392 2746 1536 2797; x_wconf 57' lang='lat' dir='ltr'>labelsf,</span> <span class='ocrx_word' id='word_1_363' title='bbox 1558 2745 1663 2800; x_wconf 68' lang='lat' dir='ltr'>only</span> <span class='ocrx_word' id='word_1_364' title='bbox 1680 2749 1788 2800; x_wconf 68' lang='lat' dir='ltr'>part</span> <span class='ocrx_word' id='word_1_365' title='bbox 1809 2744 1861 2798; x_wconf 88' lang='lat' dir='ltr'>of</span> 
     </span>
     <span class='ocr_line' id='line_1_63' title="bbox 324 2808 1855 2866; baseline -0.001 -16"><span class='ocrx_word' id='word_1_366' title='bbox 324 2825 405 2851; x_wconf 72' lang='lat' dir='ltr'>one</span> <span class='ocrx_word' id='word_1_367' title='bbox 437 2810 652 2862; x_wconf 69' lang='lat' dir='ltr'>remains,</span> <span class='ocrx_word' id='word_1_368' title='bbox 685 2810 778 2852; x_wconf 79' lang='lat' dir='ltr'>that</span> <span class='ocrx_word' id='word_1_369' title='bbox 809 2811 860 2865; x_wconf 88' lang='lat' dir='ltr'>of</span> <span class='ocrx_word' id='word_1_370' title='bbox 887 2810 953 2851; x_wconf 75' lang='lat' dir='ltr'>the</span> <span class='ocrx_word' id='word_1_371' title='bbox 984 2810 1162 2866; x_wconf 71' lang='lat' dir='ltr'>chapter</span> <span class='ocrx_word' id='word_1_372' title='bbox 1193 2811 1244 2866; x_wconf 91' lang='lat' dir='ltr'>of</span> <span class='ocrx_word' id='word_1_373' title='bbox 1270 2810 1441 2866; x_wconf 74' lang='lat' dir='ltr'>Ripon,</span> <span class='ocrx_word' id='word_1_374' title='bbox 1472 2810 1568 2851; x_wconf 64' lang='lat' dir='ltr'>and</span> <span class='ocrx_word' id='word_1_375' title='bbox 1599 2824 1680 2850; x_wconf 74' lang='lat' dir='ltr'>one</span> <span class='ocrx_word' id='word_1_376' title='bbox 1710 2809 1762 2864; x_wconf 90' lang='lat' dir='ltr'>of</span> <span class='ocrx_word' id='word_1_377' title='bbox 1788 2808 1855 2849; x_wconf 81' lang='lat' dir='ltr'>the</span> 
     </span>
     <span class='ocr_line' id='line_1_64' title="bbox 325 2873 611 2914; baseline 0.003 -1"><span class='ocrx_word' id='word_1_378' title='bbox 325 2873 444 2913; x_wconf 66' lang='lat' dir='ltr'>other</span> <span class='ocrx_word' id='word_1_379' title='bbox 467 2874 611 2914; x_wconf 65' lang='lat' dir='ltr'>Iabeis.</span> 
     </span>
    </p>

    <p class='ocr_par' dir='ltr' id='par_1_14' title="bbox 768 2942 1413 2989">
     <span class='ocr_line' id='line_1_65' title="bbox 768 2942 1413 2989; baseline 0 -14"><span class='ocrx_word' id='word_1_380' title='bbox 768 2943 825 2987; x_wconf 85' lang='lat' dir='ltr'>(l)</span> <span class='ocrx_word' id='word_1_381' title='bbox 854 2942 900 2975; x_wconf 71' lang='lat' dir='ltr'>So</span> <span class='ocrx_word' id='word_1_382' title='bbox 919 2943 952 2976; x_wconf 84' lang='lat' dir='ltr'>in</span> <span class='ocrx_word' id='word_1_383' title='bbox 974 2943 1049 2976; x_wconf 73' lang='lat' dir='ltr'>MS.</span> <span class='ocrx_word' id='word_1_384' title='bbox 1070 2943 1124 2977; x_wconf 83' lang='lat' dir='ltr'>for</span> <span class='ocrx_word' id='word_1_385' title='bbox 1142 2944 1151 2962; x_wconf 88' lang='lat'>‘</span> <span class='ocrx_word' id='word_1_386' title='bbox 1166 2942 1413 2989; x_wconf 75' lang='lat' dir='ltr'>profuturain.&#39;</span> 
     </span>
    </p>
   </div>
  </div>
 </body>
</html>
