1955 3068
574 155 798 188 mluulNAL
838 155 906 186 Do(
917 154 1121 186 2U311·:.x''1¹.<.

305 309 391 343 XII.
419 309 593 343 GRAN'I'
627 309 688 342 01³
725 308 862 342 LAND
898 307 1039 342 Nr-:Alz
1074 306 1386 342 SANDWATH.

601 387 888 430 (DARNBROUGH
915 384 992 420 MS.
1021 385 1110 430 viii.)

175 465 321 506 Sciant
343 479 507 515 omneS,
525 470 612 504 tam
637 469 870 518 praesentes
888 479 1016 518 quam
1034 464 1186 514 futuri,
1204 464 1317 518 quod
1335 477 1414 518 ego
1431 463 1617 503 Turstan

84 529 138 569 de
162 529 344 569 Beluaro
363 530 371 553 ¹
396 530 509 580 dedi,
532 530 738 579 concessi,
761 533 806 569 et
819 528 896 569 hac
913 530 1117 583 praesenti
1131 533 1246 568 carta
1260 542 1356 568 mea
1373 527 1618 568 confirmavi

87 594 176 633 Deo
202 598 246 633 et
272 594 396 634 beato
418 593 615 633 wilfrido
638 597 682 633 et
704 594 917 633 canonicis
941 594 993 634 de
1017 594 1185 647 Rippon
1208 607 1283 646 pro
1306 591 1444 632 salute
1465 592 1619 631 animae

85 671 191 698 meae
213 663 257 698 et
278 662 599 698 antecessorum
622 671 830 708 meorum,
854 672 983 697 unam
1005 671 1145 697 acram
1167 661 1291 697 terrae
1306 657 1350 696 in
1375 654 1620 710 Kerhaghe,

85 723 319 775 proximam
341 722 394 762 de
428 721 639 773 Sandwat,
663 723 774 761 sicut
795 722 932 762 divisa
953 722 1174 775 protendit
1199 722 1251 761 de
1274 719 1493 775 Tophtum
1514 717 1622 774 (sic)

84 800 221 839 usque
245 786 456 836 Sandwat,
478 786 671 837 liberam,
703 787 908 839 quietam,
941 791 985 826 et
1009 786 1194 826 solutam
1217 786 1269 825 ab
1291 786 1409 825 omni
1432 784 1620 825 saeculari

86 851 277 900 servicio,
319 851 364 890 in
406 864 557 903 puram
599 855 643 890 et
680 854 934 903 perpetuam
976 850 1273 900 elemosinam,
1306 850 1358 889 de
1391 863 1460 889 me
1493 853 1537 889 et
1569 850 1623 889 de

84 914 327 955 haeredibus
343 915 450 954 meis
468 915 512 953 in
529 919 801 968 perpetuum.
865 915 926 954 Ut
939 918 1087 954 autem
1110 913 1197 954 haec
1216 914 1393 953 donacio
1407 927 1431 953 a
1447 914 1622 953 nemine

84 980 131 1018 in
159 979 344 1032 posteris
367 979 636 1031 temporibus
664 980 801 1031 possit
823 978 1020 1034 infringi,
1043 977 1122 1018 hoc
1147 979 1356 1032 scriptum
1381 977 1513 1032 sigilli
1536 978 1624 1017 mei

85 1043 358 1096 apposicione
390 1043 593 1083 roboravi.
656 1043 755 1082 Hiis
787 1043 992 1094 testibus,
1025 1043 1233 1083 Gualtero
1274 1042 1362 1082 filio
1394 1040 1625 1096 Radulphi,

89 1107 269 1147 Ricardo
296 1107 337 1147 N
340 1107 421 1158 cel,
445 1107 676 1147 Goscelino
698 1107 785 1147 filio
808 1107 917 1161 erS,
941 1107 1121 1147 Ricardo
1144 1107 1197 1147 de
1221 1106 1401 1157 Stodlei,
1424 1110 1507 1147 etc.

319 1248 426 1282 xm.
454 1248 626 1282 GRANT
660 1248 722 1283 OF
756 1248 894 1283 LAND
929 1249 989 1283 TO
1023 1249 1126 1283 THE
1161 1248 1388 1283 OHUROH.

592 1327 880 1371 (DARNBROUGH
907 1326 987 1362 MS.
1012 1327 1080 1371 ix.)

177 1406 323 1447 Sciant
344 1410 433 1446 tam
455 1410 693 1459 praesentes
717 1420 845 1460 quam
867 1406 1019 1456 futuri,
1043 1407 1156 1460 quod
1179 1420 1259 1461 ego
1292 1406 1503 1458 Dolfinus,
1526 1421 1626 1447 con-

90 1470 185 1510 silio
219 1475 264 1510 et
300 1471 524 1510 voluntate
557 1470 773 1511 Gileberti
805 1469 987 1511 haeredis
1024 1472 1126 1522 mei,
1158 1471 1257 1511 dedi
1295 1471 1385 1511 Deo
1427 1477 1471 1511 et
1502 1472 1628 1512 beato

87 1534 299 1586 wilfrido,
321 1536 366 1574 in
389 1549 540 1588 puram
563 1539 607 1575 et
628 1540 881 1589 perpetuam
904 1536 1199 1586 elemosinam,
1212 1539 1370 1576 terram
1392 1536 1512 1576 illam
1533 1550 1627 1590 quae

88 1599 243 1654 (jacet)
258 1599 385 1654 juxta
405 1604 565 1639 terram
598 1614 727 1653 quam
753 1600 966 1640 Radulfus
999 1600 1115 1640 filius
1138 1600 1328 1640 Aldelini
1361 1601 1482 1641 dedit
1501 1600 1628 1641 beato

88 1663 301 1714 wilfrido,
322 1665 368 1703 in
399 1678 550 1717 puram
583 1669 628 1704 et
659 1669 915 1718 perpetuam
947 1665 1241 1705 elemosinam.
1304 1665 1442 1704 Istam
1465 1669 1626 1706 terram

89 1728 187 1768 dedi
212 1727 345 1767 solam
373 1731 419 1768 et
450 1729 643 1782 quietam
675 1729 728 1769 ab
759 1729 877 1769 omni
911 1729 1088 1769 servicio
1120 1732 1165 1769 et
1196 1730 1418 1770 exactione
1450 1734 1496 1769 et
1526 1744 1627 1770 con-

92 1792 339 1842 suetudine,
361 1793 406 1831 in
438 1792 619 1832 liberam
652 1796 697 1833 et
727 1807 880 1847 puram
912 1793 1207 1844 elemosinam,
1228 1808 1305 1847 pro
1335 1808 1406 1834 me
1429 1798 1473 1834 et
1494 1793 1628 1834 haere-

89 1856 216 1896 dibus
258 1857 383 1907 meis,
426 1861 470 1896 et
511 1871 586 1910 pro
627 1858 853 1897 animabus
895 1861 1218 1897 antecessorum
1257 1872 1466 1898 meorum.
1543 1859 1626 1898 His

88 1920 294 1971 testibus,
347 1919 580 1974 Stephano,
632 1921 833 1972 Roberto,
886 1922 1036 1972 Inone,
1089 1921 1299 1972 Galfrido,
1350 1922 1487 1962 Alano
1538 1922 1626 1962 filio

89 1984 275 2033 Radulfi,
297 1988 379 2025 etc.

296 2103 399 2138 XIV.
427 2103 602 2139 GRANT
635 2105 697 2140 OF
730 2105 900 2141 LANDS
934 2105 987 2140 IN
1019 2105 1192 2141 THREE
1226 2104 1431 2140 PLACES.

613 2183 901 2227 (DARNBROUGH
927 2184 1005 2218 MS.
1032 2185 1085 2227 x.)

179 2254 323 2295 Sciant
340 2269 504 2306 omnes,
519 2260 607 2296 tam
623 2263 859 2310 praesentes
874 2271 1002 2311 quam
1017 2256 1168 2306 futuri,
1183 2256 1296 2310 quod
1310 2271 1390 2311 ego
1408 2257 1621 2299 Robertus

90 2319 206 2358 filius
238 2319 396 2359 Dolfini
428 2321 480 2360 de
511 2320 747 2361 Cluherum
776 2323 966 2361 concessi
1001 2326 1046 2361 et
1082 2321 1196 2371 dedi,
1226 2326 1271 2360 et
1303 2320 1382 2360 hac
1418 2325 1621 2375 praesenti

89 2387 204 2422 carta
226 2397 320 2422 mea
341 2384 585 2424 confirmavi
610 2385 698 2424 Deo
731 2391 772 2425 et
808 2386 964 2426 Sancto
985 2384 1183 2424 wilfrido
1215 2390 1259 2424 et
1290 2386 1504 2425 canonicis
1529 2387 1618 2426 suis

90 2447 142 2486 de
180 2447 346 2500 Ripon',
379 2449 423 2487 in
464 2462 615 2501 puram
658 2453 703 2488 et
743 2453 996 2502 perpetuam
1039 2449 1333 2498 elemosinam,
1364 2464 1438 2503 pro
1482 2451 1620 2492 salute

88 2510 242 2550 animae
280 2524 385 2551 meae
424 2515 465 2551 et
500 2516 820 2552 antecessorum
863 2527 1071 2564 meorum,
1103 2513 1209 2552 duas
1251 2525 1367 2551 acras
1409 2518 1533 2554 terrae
1575 2516 1620 2556 in

88 2587 236 2627 campo
257 2574 310 2614 de
332 2574 580 2626 Cluherum,
596 2576 791 2629 jacentes
813 2578 857 2616 in
879 2575 948 2616 his
970 2576 1110 2617 tribus
1133 2576 1251 2625 locis,
1267 2576 1321 2616 ad
1335 2576 1620 2624 Quelaisclete

88 2643 129 2676 et
163 2638 213 2677 ad
247 2638 455 2679 Brocland
488 2644 532 2678 et
563 2640 615 2679 ad
649 2639 966 2691 Goldestickes,
997 2641 1112 2680 inter
1143 2640 1370 2694 gardinum
1413 2641 1620 2682 Willelmi

89 2701 167 2740 filii
190 2702 376 2753 Ricardi,
399 2708 440 2742 et
464 2704 693 2758 gardinum
717 2704 756 2743 N
761 2704 881 2744 icolai
903 2704 981 2744 filii
1004 2704 1178 2754 Dolfini,
1201 2711 1243 2743 et
1269 2717 1348 2758 ego
1365 2709 1409 2743 et
1431 2703 1621 2746 haeredes

88 2766 171 2804 mei
194 2767 587 2819 guarantizabimus
609 2768 835 2821 praedictas
857 2768 963 2808 duas
985 2782 1102 2808 acras
1125 2772 1250 2808 terrae
1283 2767 1372 2807 Deo
1395 2772 1439 2808 et
1463 2770 1622 2810 Sancto

90 2828 289 2869 wilfrido
331 2837 371 2870 et
406 2831 622 2883 praedictis
654 2833 869 2872 canonicis
905 2833 994 2872 suis
1031 2836 1178 2872 contra
1219 2845 1368 2871 omnes
1412 2831 1622 2875 homines.

544 2910 598 2953 (pl)
627 2910 695 2951 Qu.
715 2910 868 2944 Belvaco
891 2909 1114 2952 (Beauvais).

825 2982 848 3003 n
872 2975 890 3003 2

1787 143 1847 188 99

1654 474 1790 502 Turstan
1807 473 1843 501 de

1655 513 1770 542 Beluar
1787 518 1818 541 to

1655 553 1708 581 the
1723 552 1842 581 church

1654 593 1688 621 of
1702 591 1813 629 Ripon.

1662 1051 1844 1080 witnesses.

1666 1423 1808 1453 Dolfinus
1824 1428 1856 1453 to

1663 1463 1719 1492 the
1734 1464 1852 1493 chun-cb

1662 1503 1697 1532 of
1714 1503 1825 1541 Ripon.

1662 1874 1700 1904 W
1706 1875 1714 1904 i
1719 1879 1843 1905 messem

1659 2277 1770 2306 Rom—rt
1787 2279 1824 2307 de

1655 2318 1836 2346 (lutherum

1655 2362 1686 2384 to
1703 2358 1757 2385 the

1654 2396 1770 2424 ehurch
1787 2397 1821 2425 of

1657 2433 1767 2473 Ripon.
