1935 3151
562 153 787 186 onlolxxl„
825 152 1111 185 l›‹›‹·1'M¹·:N'r.<.

72 265 292 306 visitation
315 265 361 305 of
379 264 454 306 the
477 266 585 319 Abp.
613 268 723 306 1582
747 264 832 309 (sic
855 279 928 318 pro
955 266 1082 318 1482)
1109 264 1192 303 and
1221 262 1323 303 12tl1
1347 269 1390 317 γ’
1413 263 1460 303 of
1490 264 1604 316 l'ope

72 330 219 371 Sixtus
241 333 282 370 4.
335 331 383 369 Α.
409 333 478 370 34.

71 474 223 509 CXXX.
267 473 585 509 NOMINATION
625 475 685 509 To
719 474 822 509 ΤΙΙΕ
858 474 1103 509 (ἩΛΝΤΚΥ
1137 474 1197 508 01³
1229 473 1296 509 ST.
1333 473 1605 508 WILFRITII.

603 544 744 589 (loros
772 544 955 579 CnAP'rER
982 544 1076 589 MS.)

164 618 355 657 Andreas
377 617 597 666 Newman,
620 619 848 657 canonicus
880 619 1205 658 residenciarius
1238 619 1281 657 in
1315 617 1492 657 ecclesia
1522 617 1607 657 col-

73 681 232 736 legiata
274 682 528 721 Sanctorum
561 683 679 722 Petri
721 688 766 722 et
797 683 985 722 Wilfridi
1028 682 1195 736 Ripon’,
1237 683 1394 722 dilecto
1438 683 1518 723 sibi
1560 683 1605 721 in

73 745 243 786 Christo
265 746 438 786 domino
456 746 641 786 Roberto
663 745 877 800 Whixley‚
894 747 1126 800 capellanO,
1146 747 1330 787 salutem
1348 748 1392 786 in
1407 747 1606 786 Domino.

69 810 133 850 Ad
171 811 405 850 cantariam
437 815 690 863 perpetuam
723 810 869 851 Sancti
892 811 1081 850 wilfridi
1116 812 1160 850 in
1195 811 1373 851 ecclesia
1406 811 1607 864 praedicta

72 889 146 928 per
168 879 351 914 mortem
374 875 615 914 naturalem
648 876 812 915 domini
835 875 1043 915 willelmi
1079 876 1166 915 Fox
1199 876 1344 915 ultimi
1379 881 1418 915 et
1454 877 1608 915 imme-

71 939 186 978 diate
215 939 458 978 cantaristae
484 938 677 992 ejusdem
698 944 934 990 vacantem,
965 946 1005 979 et
1037 940 1089 978 ad
1116 944 1306 979 nostram
1329 940 1606 979 collacionem

71 1003 198 1056 pleno
215 1002 313 1056 jure
337 1008 617 1055 spectantem,
639 1011 683 1043 te
706 1004 994 1053 admittimus,
1017 1018 1114 1043 cum
1138 1005 1225 1043 suis
1252 1003 1423 1056 juribus
1446 1010 1491 1043 et
1513 1018 1608 1057 per-

72 1067 274 1106 tinenciis
307 1067 534 1117 universis,
558 1072 687 1120 teque
717 1068 993 1107 cantaristam
1017 1069 1061 1106 in
1085 1067 1235 1107 eadem
1257 1069 1458 1107 canonice
1481 1069 1607 1107 insti-

72 1132 238 1170 tuimus
260 1145 359 1170 cum
380 1132 574 1184 praestito
596 1145 671 1184 per
699 1136 744 1171 te
762 1131 1010 1185 juramento
1042 1132 1248 1184 corporali
1272 1132 1325 1171 ad
1350 1132 1503 1171 Sancta
1527 1133 1607 1172 Dei

74 1195 307 1249 Evangelia
340 1195 392 1234 de
424 1194 686 1234 observando
718 1194 1021 1235 fundacionem
1052 1195 1278 1249 cujusdam
1315 1197 1529 1246 cantariae,
1564 1201 1608 1236 et

74 1273 201 1299 onera
219 1259 441 1313 cujusdam
471 1259 761 1299 incumbentis
786 1260 1023 1309 subeundo,
1046 1260 1341 1300 inducendum
1364 1262 1408 1299 in
1431 1261 1607 1311 realem,

74 1323 351 1376 corporalem,
375 1326 419 1362 et¹
448 1323 657 1362 actualem
680 1324 990 1376 possessionem
1012 1323 1236 1376 cujusdam
1258 1324 1532 1364 decernimus
1565 1329 1606 1364 et

73 1388 319 1427 inducimus
343 1401 416 1440 per
445 1392 691 1439 przesentes,
717 1388 857 1441 sigillo
879 1393 1024 1427 nostro
1058 1388 1279 1442 sigillatas.
1343 1388 1440 1428 Dat.
1463 1393 1609 1428 octava

73 1452 142 1491 die
165 1452 324 1491 mensis
346 1452 482 1500 Junii,
501 1452 623 1491 Anno
643 1452 814 1491 Domini
836 1452 1064 1491 millesimo
1079 1453 1426 1506 quingentesimo
1444 1453 1609 1492 decimo

75 1520 235 1555 octavo,

163 1578 308 1620 §mall
339 1578 428 1619 seul
465 1577 513 1620 ἱη
545 1579 622 1620 red
644 1593 742 1620 ωαχ
774 1579 1013 1635 czppemlesl
1036 1579 1087 1633 by
1109 1579 1227 1634 Slz'p:
1261 1593 1284 1619 a
1320 1579 1434 1620 rude
1462 1593 1610 1635 repre-

74 1643 297 1683 sentation
319 1642 370 1697 os
395 1641 559 1697 Viryin
580 1643 675 1684 <md
699 1643 842 1685 Chim.

164 1707 204 1747 E
207 1706 654 1748 ndorseffl—Collatio
676 1708 888 1749 Cantariae
912 1708 953 1749 S.
976 1708 1148 1747 wilfrid
1166 1709 1259 1761 iper
1283 1709 1382 1748 Mum
1404 1708 1610 1748 Newman

75 1773 327 1811 canonicum
350 1772 455 1812 Rob.
478 1771 692 1826 Whixley,
716 1772 830 1813 ,June
855 1775 894 1822 8,
921 1775 1047 1812 1518.
1112 1773 1160 1811 B.
1184 1776 1254 1812 44.

21 1913 26 1916 ¹
77 1921 250 1956 CXXXI.
296 1922 573 1957 ADMISSION
609 1923 669 1957 TO
707 1923 810 1957 THE
845 1923 1088 1958 OANONRY
1125 1923 1232 1957 AND
1273 1923 1511 1958 PREBEND
1549 1924 1612 1958 OF

725 1986 960 2021 SHAROW.

611 2055 752 2099 (Ru‘oN
781 2055 964 2090 CHAPTER
981 2055 1076 2099 MS.)

166 2130 414 2183 Capitulum
447 2130 646 2170 Ecclesiae
679 2131 915 2185 collegiatae
938 2132 1172 2171 Beatorum
1206 2132 1323 2171 Petri
1357 2137 1397 2171 et
1423 2132 1610 2172 Wilfridi

78 2194 245 2248 Ripon',
261 2195 490 2235 venerabili
515 2197 604 2235 viro
626 2197 831 2250 magistro
853 2196 1026 2236 Thomae
1050 2197 1226 2246 Marsar,
1245 2196 1410 2246 clerico,
1427 2197 1611 2237 salutem

78 2259 123 2298 in
165 2259 432 2313 amplexibus
466 2260 710 2300 Salvatoris.
784 2261 849 2300 Ad
891 2261 1190 2300 canonicatum
1228 2260 1417 2300 ecclesiae
1454 2266 1611 2301 nostrae

80 2323 290 2375 praedictae
313 2327 357 2362 et
389 2323 628 2376 praebendae
661 2328 713 2363 de
747 2323 941 2364 Scharow
970 2338 1044 2378 per
1073 2324 1251 2364 liberam
1275 2325 1611 2378 resignaeionem

79 2386 241 2425 domini
264 2386 434 2427 Ricardi
450 2388 696 2440 Robynson,
718 2388 876 2438 cleriei,
899 2389 1042 2428 ultimi
1066 2389 1256 2428 canonici
1271 2393 1315 2428 et
1332 2388 1612 2442 praebendarii

81 2451 313 2490 eorundem
337 2456 574 2502 vacantem,
597 2457 638 2491 et
664 2452 744 2492 tibi
775 2467 850 2505 per
881 2453 1165 2493 reverendum
1186 2453 1230 2492 in
1255 2452 1425 2493 Christo
1445 2458 1612 2507 patrem

81 2518 126 2553 et
159 2514 398 2564 dominum,
429 2515 652 2554 dominum
685 2516 955 2566 Edwardum,
986 2517 1265 2570 permissione
1298 2517 1454 2556 Divina
1486 2518 1612 2558 Ebor.

81 2577 476 2631 Archiepiscopum,
507 2580 753 2632 primatem,
776 2584 817 2619 et
842 2581 1237 2634 metropolitanum,
1259 2581 1514 2621 auctoritate
1537 2582 1613 2622 do-

83 2643 190 2682 mini
223 2644 358 2683 nostri
390 2644 502 2697 regis
535 2644 726 2692 Henrici,
749 2645 950 2685 Ecclesiae
972 2646 1218 2700 Anglicana‘
1241 2646 1394 2699 capitis
1426 2647 1613 2699 supremi

82 2707 317 2757 munitum,
340 2707 559 2757 collatum,
581 2712 625 2748 te
649 2709 692 2747 in
716 2722 939 2761 personam
961 2714 1082 2749 tuam
1104 2710 1318 2763 propriam
1349 2709 1615 2760 admisimus,

83 2771 248 2824 tibique
271 2772 444 2811 stallum
468 2772 512 2812 in
535 2771 662 2811 choro
684 2778 726 2812 61
752 2773 890 2813 locum
913 2774 956 2813 in
980 2774 1168 2827 capitulo
1200 2774 1314 2813 dicto
1346 2775 1614 2814 canonicatui

86 2839 130 2874 et
160 2835 396 2887 praebendae
437 2836 683 2889 antiquitus
726 2838 987 2889 pertinentia
1028 2838 1356 2891 assignavimus,
1398 2851 1444 2877 ac
1487 2843 1530 2877 te
1572 2839 1615 2877 in

87 2898 346 2950 corporalem
389 2900 698 2951 possessionem
740 2901 952 2940 dictorum
988 2902 1262 2940 canonicatus
1298 2906 1338 2940 et
1378 2901 1616 2954 pra-benda-

1746 141 1770 182 [s.

1779 138 1804 184 C!

1814 146 1824 181 a..

1826 139 1838 182 »-

1644 633 1711 653 AJ).
1730 625 1814 654 1518.

1644 682 1666 708 Α
1674 681 1741 709 ndr.
1750 680 1842 709 Neu--

1619 737 1623 740 -
1644 729 1716 748 man
1725 723 1756 748 to
1765 719 1842 749 Rob.

1645 759 1809 798 11'hix1ey.

1645 1397 1728 1426 June
1744 1397 1772 1426 8.

1648 2149 1713 2169 mn.
1731 2142 1817 2170 1539.

1647 2196 1713 2225 The
1725 2196 1828 2234 Chap-

1649 2242 1696 2264 ter
1712 2240 1743 2264 10
1759 2235 1839 2264 Tho.

1649 2275 1781 2310 Marsar,

1650 2526 1783 2555 c‹·llated
1796 2526 1839 2563 by

1650 2566 1850 2602 Archbishop

1652 2604 1721 2634 Lee.
1739 2604 1817 2634 with

1652 2644 1738 2681 royal
1756 2653 1810 2673 au-

1652 2684 1786 2721 thority.
