1935 3151
714 149 966 182 APPENDIX.
1745 127 1829 173 321

187 264 362 304 Pondus
384 266 427 303 et
449 262 654 302 informes
678 262 873 301 Atlantes
897 261 1005 301 ferre
1029 261 1190 314 priores

188 329 326 369 Jussit
344 329 374 369 :¹
409 331 452 367 et
475 327 693 380 expletum
715 325 902 380 lymphis
925 324 1199 378 perfunditur
1221 321 1368 371 albi-3?

190 392 485 445 Albanturque
508 392 596 431 suis
618 390 799 430 lustrata
819 390 969 429 altaria
993 388 1144 442 peplis.

187 457 296 496 Exin
317 455 507 511 glorifico
526 455 729 509 persolvit
750 454 968 495 munci-ff
991 452 1172 494 Christo.

162 532 244 572 For
266 545 380 571 some
412 530 683 585 suggestions
705 528 808 569 with
840 529 993 583 regard
1025 532 1071 568 to
1091 526 1167 568 the
1189 526 1430 566 remainder
1450 525 1497 566 of
1522 523 1609 565 this

74 599 253 646 extract,
276 609 345 635 see
368 594 515 644 below,
537 594 582 633 in
604 596 615 615 ‘
631 592 812 634 Smaller
833 593 1048 632 additions
1070 592 1155 631 and
1175 589 1460 631 corrections?

164 676 354 715 william
376 674 422 714 of
451 674 746 726 Malmesbury
775 672 878 712 thus
902 671 1052 726 speaks
1075 671 1122 711 of
1155 669 1384 711 Wilfrith’s
1407 669 1609 724 building

75 741 319 796 operations
335 756 397 781 z·—

165 808 176 827 ‘
193 805 376 844 Basilica
396 804 611 858 quondam
633 803 686 843 ab
708 803 878 843 Edujno
899 816 999 856 rege
1021 802 1192 841 monitu
1213 800 1329 840 beati
1351 799 1527 840 Paulini
1559 799 1605 838 in
1646 809 1712 830 A-D-
1729 800 1797 829 670-

76 870 263 910 Eboraco
285 869 395 908 facta
416 871 532 908 tecto
555 867 744 917 vacabat,
765 867 952 921 parietes
968 866 1166 905 semiruti
1188 868 1233 904 et
1246 864 1418 904 ruinam
1434 863 1608 916 plenam
1647 855 1823 926 ζὲξῖιῗίῑτξὲζ

77 935 294 974 minantes
328 933 428 972 solis
463 932 576 972 nidis
616 932 762 971 avium
799 930 1056 971 serviebant.
1129 929 1213 968 Pro
1246 928 1512 982 indignitate
1544 927 1607 966 rei
1647 908 1746 967 Yclr‘k.

79 997 271 1053 pontifex
292 998 464 1037 interno
494 996 637 1036 dolore
671 998 927 1044 commotus,
950 993 1181 1033 maceriam
1204 992 1416 1042 solidavit,
1438 991 1612 1031 culmen

79 1063 255 1112 levavit,
296 1062 490 1102 levatum
542 1059 757 1113 plumbeis
808 1059 986 1099 laminis
1028 1058 1081 1097 ab
1128 1056 1289 1110 injuria
1329 1055 1612 1109 procellarum

82 1127 284 1167 munivit.
345 1124 567 1165 Fenestris
588 1124 730 1164 lucem
753 1124 913 1163 dabant
945 1122 1013 1162 vel
1035 1122 1166 1175 panni
1197 1121 1302 1160 linei
1322 1120 1514 1160 tenuitas
1547 1119 1615 1160 vel

82 1189 395 1231 multiforatilis
435 1202 564 1238 asser,
598 1188 687 1241 ipse
730 1188 886 1227 vitreas
928 1187 1043 1227 fecit.
1087 1186 1295 1226 Decorem
1331 1184 1614 1224 maceriarum

84 1258 275 1295 vetustas
297 1258 343 1294 et
373 1253 629 1293 multimoda
658 1255 893 1305 tempestas
927 1251 1176 1298 obduxerat,
1198 1250 1289 1302 ipse
1320 1249 1415 1288 illas
1436 1247 1618 1288 candida

84 1320 197 1360 calce
220 1318 450 1358 dealbavit.
513 1316 660 1358 Sensit
683 1320 724 1356 et
748 1316 871 1369 Ripis
894 1315 1153 1355 industriam
1175 1314 1400 1363 antistitis,
1422 1313 1620 1353 edificata
1655 1308 1854 1377 {Jg'hbssill‘llsat

85 1385 146 1425 ibi
186 1398 211 1423 a
246 1382 540 1423 fundamentis
582 1381 776 1432 ecclesia,
813 1381 923 1420 miro
964 1379 1177 1419 fornicum
1212 1377 1389 1427 inflexu,
1426 1377 1620 1430 lapidum
1655 1359 1778 1427 ‘RipgmL

86 1447 303 1497 tabulatu,
324 1447 570 1500 porticuum
605 1443 1018 1486 anfractus—Gesta
1049 1441 1328 1495 Pontificum
1349 1440 1621 1494 Anqlorum,

89 1512 209 1553 Rolls
233 1511 388 1561 Series,
410 1524 482 1564 pp.
507 1511 608 1560 216,
633 1511 733 1549 217.

90 1621 441 1659 TESTIMONIUM
482 1620 744 1655 WILLELMI
770 1620 838 1654 DE
864 1619 1176 1654 STUTTEVILL
1201 1618 1269 1652 DE
1294 1616 1624 1651 IMMUNITATE

255 1679 518 1715 ECOLESIAE
556 1679 623 1713 DE
660 1678 815 1713 RIPON
851 1679 886 1712 A
922 1677 1091 1712 SECTIS
1130 1675 1458 1711 ΑΞὸΙΞΑιΝΒΙΞ.4

623 1749 767 1794 (Rn‘ox
798 1747 981 1782 CHAPTER
1005 1746 1102 1792 MS.)

179 1821 393 1864 Omnibus
414 1821 468 1861 ad
489 1820 602 1874 quod
634 1833 820 1873 praesens
854 1819 1064 1872 scriptum
1095 1817 1356 1871 pervenerit,
1378 1815 1624 1855 willelmus
1659 1815 1834 1845 Α-ῡ-1228-

89 1887 142 1928 de
166 1886 408 1936 Stuttevffl,
431 1885 616 1925 salutem
653 1885 698 1923 in
732 1883 931 1923 Domino.
995 1882 1056 1922 Ut
1089 1883 1142 1922 de
1174 1880 1257 1921 hiis
1294 1894 1390 1934 quae
1412 1893 1510 1920 vera
1531 1892 1622 1919 esse
1658 1871 1840 1940 gft'etri‘fffff

91 1952 266 2001 scimus,
288 1950 482 1990 veritatis
503 1949 805 1988 testimonium
827 1946 1143 2001 perhibeamus,
1166 1959 1219 1985 ne
1241 1945 1377 1985 nostri
1399 1944 1624 1984 taciturni-

90 2016 173 2055 tati
205 2014 459 2055 immunitas
496 2013 698 2053 Ecclesiae
740 2012 886 2052 Sancti
922 2011 1111 2051 Wilfridi
1155 2011 1207 2050 de
1259 2010 1398 2062 Ripon
1435 2009 1624 2062 patiatur

91 2080 418 2128 detrimentum,
452 2091 528 2131 pro
561 2091 660 2117 vero
701 2076 948 2126 asserimus,
987 2076 1097 2115 sicut¹
1130 2074 1378 2114 testimonio
1414 2072 1623 2126 legalium

91 2144 281 2183 virorum
315 2142 566 2183 didiscimus
607 2139 715 2196 (sic)
752 2146 793 2180 et
831 2140 964 2193 ipsius
996 2140 1057 2179 rei
1100 2139 1395 2192 experimento
1427 2141 1622 2176 nostrum

90 2206 358 2261 temporibus
409 2206 712 2259 comperimus,
753 2205 867 2258 quod
918 2205 1069 2244 eadem
1111 2203 1289 2243 ecclesia.
1330 2202 1538 2241 immunis
1579 2206 1624 2240 et

91 2272 239 2326 quieta
261 2272 317 2311 sit
337 2271 390 2310 de
414 2274 530 2310 secta
551 2270 694 2309 assisae
715 2269 946 2308 comitatus
968 2273 1009 2307 et
1034 2272 1267 2320 wapentac,
1289 2270 1329 2305 et
1349 2266 1401 2305 de
1423 2265 1622 2305 omnibus

90 2336 186 2376 aliis
207 2335 413 2375 indebitis
446 2333 846 2374 consuetudinibus
910 2333 965 2372 Et
998 2333 1043 2371 in
1065 2331 1195 2385 hujus
1227 2331 1289 2370 rei
1320 2331 1623 2370 testimonium

92 2399 296 2453 praesenti
331 2399 488 2452 scripto
523 2398 715 2452 sigillum
748 2402 944 2436 nostrum
981 2396 1280 2449 appendimus.
1354 2394 1546 2433 Valeatis
1577 2394 1622 2433 in

91 2464 308 2504 Domino.5

163 2541 220 2587 (l)
247 2541 306 2576 He
322 2540 414 2576 bade
431 2541 492 2575 the
509 2541 569 2575 old
599 2540 758 2574 uncouth
777 2551 908 2574 masses
935 2539 976 2573 of
1002 2538 1097 2583 wall,
1118 2537 1326 2581 Atlas-like,
1345 2537 1449 2582 again
1475 2542 1512 2570 to
1537 2535 1623 2571 bear

92 2593 186 2629 their
203 2593 349 2629 burden.

163 2646 221 2692 (2)
247 2646 353 2680 With
372 2645 597 2680 whitewash.
648 2645 715 2680 See
733 2656 766 2692 p.
786 2646 820 2686 8,
837 2644 906 2679 and
924 2645 968 2679 cf.
982 2644 1147 2678 william
1165 2643 1203 2678 of
1217 2641 1472 2686 Mahnesbury,
1490 2653 1523 2687 p.
1539 2642 1619 2675 321.

163 2698 219 2743 (3)
246 2699 351 2732 Term
380 2698 436 2733 for
465 2698 527 2732 the
547 2697 767 2733 Eucharistic
785 2697 944 2742 offering,
962 2697 1150 2732 borrowed
1167 2696 1256 2730 from
1276 2695 1337 2729 the
1355 2694 1480 2729 Canon
1498 2694 1539 2728 of
1560 2694 1621 2727 tha

91 2750 206 2786 Mass:
236 2750 336 2786 ‘haec
353 2751 457 2794 dona,
474 2751 552 2786 haec
570 2763 729 2791 muvwra,
749 2751 826 2785 haee
844 2756 965 2785 sancta
984 2749 1157 2784 sacrificia
1174 2748 1337 2782 illibatas

163 2802 220 2847 (4)
248 2803 353 2837 From
371 2804 433 2838 the
452 2803 540 2837 17th
557 2807 707 2848 century
726 2802 802 2837 MS.
823 2803 863 2836 B.
883 2804 939 2837 21.

164 2855 221 2898 (5)
248 2855 333 2890 This
352 2855 549 2890 certificate
571 2856 782 2901 apparently
809 2856 918 2890 refers
943 2860 978 2889 to
1002 2867 1019 2889 a
1048 2866 1127 2889 case
1152 2854 1244 2888 tried
1270 2854 1307 2887 in
1333 2853 1395 2886 the
1414 2863 1506 2885 same
1524 2862 1620 2895 ¹rear,

100 2907 169 2941 and
186 2907 315 2942 should
333 2908 423 2943 have
440 2919 538 2942 come
556 2907 594 2942 in
613 2913 650 2943 at
668 2921 701 2954 p.
721 2908 777 2942 63.

842 2973 869 3001 Y
