1935 3151
100 155 194 201 2:30

101 287 269 319 Laureuco,

99 328 208 356 Canon
224 327 257 354 of

100 366 258 404 Aquileia.

101 428 144 457 La
150 437 200 465 pse

101 473 134 496 to
148 467 248 496 Arch-

101 507 220 544 bishop.

103 677 285 707 witnesses.

105 875 182 914 May
199 875 245 903 20.

109 1463 129 1484 Λ
136 1464 168 1484 .1›
196 1455 280 1483 1456.

111 1510 197 1539 will.

112 1550 233 1587 Sempe.

111 1598 220 1633 canon,

113 1632 257 1665 appomts

113 1718 142 1745 Ῐι.
156 1717 178 1736 Υ.
198 1707 275 1736 Rob.

114 1748 227 1780 Foster,

115 1906 192 1934 Tho.
207 1905 302 1942 Eshy.

121 2285 211 2322 Aprn
229 2286 275 2312 23.

128 2802 194 2822 Am.
212 2795 294 2822 1382.

129 2848 269 2877 Notariul

814 172 1089 205 MEMORIALS
1124 172 1182 205 oF
1218 172 1375 206 RIPON.

332 296 408 322 nos
429 284 686 324 auctoritate
709 284 888 325 Concilii
910 284 1140 324 contulisse
1162 284 1319 324 dilecto
1332 284 1421 323 filio
1442 283 1648 338 magistro
1671 283 1861 323 Lauren-

333 347 412 397 cio,
444 349 645 388 canonico
676 348 971 403 Aquilegensi,
1004 348 1225 388 ecclesiam
1263 348 1316 388 de
1349 347 1589 402 Steinweg’‚
1622 347 1745 401 cujus
1776 347 1862 386 col-

334 411 440 451 laoio
481 412 534 451 ad
564 426 642 452 nos
674 426 750 466 per
780 412 1100 467 negligenciam
1141 411 1441 452 Archidiaconi
1482 411 1755 452 Richemund
1797 415 1863 450 est

334 475 549 527 devoluta,
571 477 801 530 ipsumque
832 477 879 516 in
901 490 950 516 ea
980 490 1207 529 personam
1238 477 1441 516 canonice
1472 476 1730 525 instituisse,
1752 479 1796 514 et
1818 475 1863 513 in

335 540 592 593 corporalem
617 540 812 594 ejusdem
835 540 1023 580 ecclesiae
1045 541 1356 593 possessionem
1377 541 1524 581 induci
1545 540 1710 580 fecisse.
1743 538 1864 587 Quod

336 608 387 644 ut
407 607 549 644 ratum
572 608 618 645 et
649 605 801 645 stabile
832 608 1078 658 perseveret
1108 605 1154 644 in
1185 610 1420 658 posterum,
1441 618 1626 658 praesens
1659 604 1865 657 scriptum

337 668 468 722 sigilli
499 670 634 708 nostri
665 670 906 709 munimine
938 669 1140 709 duximus
1168 669 1468 709 roborandum.
1530 668 1744 717 TestibUS,
1777 680 1867 706 ma-

335 733 483 787 gistris
517 733 685 787 Rogero
716 733 769 773 de
802 733 995 783 Burton’,
1017 733 1219 773 canonico
1251 734 1303 773 de
1336 733 1507 784 Suwell,
1530 736 1575 772 et
1607 732 1780 772 Simone
1811 732 1866 771 de

337 795 576 847 Evesham',
591 797 747 848 Wiffo,
770 801 814 837 et
835 798 1031 848 Ricardo,
1046 797 1276 851 capellanis
1298 798 1468 847 nostris,
1483 796 1624 836 Will’o
1646 797 1698 835 de
1715 796 1868 848 Vescy,

339 861 529 900 Henrico
566 861 746 912 KValen’,
788 861 1026 915 Regin-aldo
1060 861 1113 901 de
1156 861 1293 902 Stowa
1324 861 1492 912 clerico,
1525 864 1568 900 et
1599 860 1707 899 aliis.
1770 859 1868 898 Dat.

338 925 451 978 apud
475 925 735 980 Siggeston’,
767 925 841 980 xiij
876 925 935 965 kl.
968 925 1106 976 Junii,
1136 925 1412 979 pontificatus
1442 925 1579 964 nostri
1601 937 1712 963 anno
1734 923 1871 963 unde-

343 989 481 1029 cimo.¹

427 1051 559 1094 Label
580 1053 676 1094 (md
697 1052 788 1095 scal
807 1067 932 1106 φυηρ.

427 1116 922 1159 Endow·secl.—Collacio
963 1119 1017 1159 de
1061 1118 1368 1173 Staynwegges
1408 1131 1433 1157 a
1473 1118 1647 1158 domino
1680 1116 1871 1156 &Valtero

342 1181 458 1236 Gray
479 1182 604 1223 Ebor.
628 1182 971 1237 Archiepiscopo.
1034 1184 1084 1223 A.
1110 1185 1148 1224 6.

642 1303 854 1339 CXXVIII.
890 1302 1210 1338 NOMINATION
1242 1302 1304 1337 OF
1335 1303 1371 1336 A
1402 1301 1575 1336 VIOAR.

864 1372 1008 1418 (R1P0N
1035 1373 1220 1406 CHAPTER
1245 1371 1340 1416 MS.)

432 1446 696 1486 Reverendis
719 1446 821 1486 viris
843 1445 1032 1498 capitulo
1053 1445 1240 1485 ecclesiae
1272 1445 1508 1499 collegiatae
1539 1444 1665 1484 Beati
1686 1443 1875 1483 Wilfridi

345 1509 497 1563 Ripon’
519 1511 646 1550 Ebot.
665 1511 803 1560 dioec„
826 1514 967 1549 vester
995 1509 1207 1549 confrater
1225 1509 1430 1563 magister
1451 1508 1696 1548 willelmus
1719 1507 1875 1562 Scrop’,

344 1574 570 1613 eanonicus
602 1577 644 1613 et
677 1573 994 1626 praebendarius
1024 1573 1262 1626 praebendae
1294 1573 1345 1612 de
1376 1571 1590 1625 Nunwyk‚
1614 1575 1658 1611 et
1688 1572 1877 1611 residen-

346 1638 500 1677 ciarius
523 1638 568 1676 in
591 1637 757 1688 eadem,
779 1638 1070 1677 reverenciam
1093 1641 1138 1677 et
1158 1636 1379 1676 honorem.
1441 1636 1506 1675 Ad
1529 1637 1730 1675 vicariam
1751 1636 1877 1675 dictae

346 1702 584 1756 praebendae
621 1716 727 1741 meze
769 1716 844 1755 per
884 1701 1064 1741 liberam
1105 1702 1447 1756 resignacionem
1490 1700 1667 1740 Roberti
1711 1701 1877 1750 Foster,

348 1767 493 1806 ultimi
515 1767 661 1806 vicarii
684 1766 877 1820 ejusdem
898 1766 940 1805 in
975 1780 1108 1805 manu
1140 1796 1150 1805 .
1185 1796 1194 1805 .
1229 1796 1238 1805 .
1274 1796 1283 1806 .
1317 1765 1473 1805 factam
1496 1768 1718 1804 vacantem
1741 1753 1794 1804 ¹et
1825 1764 1877 1803 ad

346 1845 487 1870 meam
520 1830 902 1883 praesentacionem
937 1833 1220 1883 spectantem,
1247 1829 1456 1869 dilectum
1487 1827 1619 1867 michi
1642 1829 1687 1867 in
1711 1827 1879 1868 Christo

349 1894 556 1934 Thomam
580 1894 693 1948 Esby
716 1894 984 1947 capellanum
1006 1894 1132 1933 Ebor.
1155 1894 1278 1934 dioec.
1302 1892 1464 1946 vo<bis)
1485 1893 1652 1932 intuitu
1674 1893 1879 1942 caritatis,

350 1962 573 2012 praesento,
596 1971 748 2012 rogans
770 1962 981 2011 quatenus
999 1958 1164 1997 dictum
1187 1957 1394 1997 Thomam
1413 1957 1465 1996 ad
1483 1956 1663 1996 eandem
1681 1957 1879 1996 vicariam

350 2023 593 2073 admittere,
635 2023 864 2075 ipsumque
906 2022 1110 2061 vicarium
1142 2025 1401 2075 perpetuum
1443 2020 1644 2060 canonice
1675 2020 1880 2059 institure

350 2085 457 2141 (sic)
498 2087 542 2125 in
586 2086 734 2126 eadem
776 2099 875 2125 oum
919 2086 1006 2125 suis
1042 2085 1214 2139 juribus
1249 2089 1294 2125 et
1334 2085 1613 2139 pertinenciis
1656 2084 1880 2134 universis,

353 2155 589 2203 caeteraque
613 2164 707 2203 quae
729 2153 871 2190 vestro
903 2150 948 2189 in
977 2148 1054 2189 hac
1086 2154 1207 2203 parte
1230 2149 1490 2189 incumbunt
1521 2149 1657 2188 officio
1680 2143 1881 2202 peragere

353 2215 607 2269 dignemini.
639 2214 793 2254 Valete
815 2214 859 2253 in
881 2213 1031 2254 Jhesu.
1066 2214 1118 2253 In
1139 2213 1263 2267 cujus
1285 2215 1346 2253 rei
1368 2213 1667 2253 testimonium
1691 2212 1881 2265 sigillum

354 2293 501 2319 meum
523 2279 807 2332 praesentibus
830 2282 895 2318 est
915 2291 1168 2331 appensum.
1230 2278 1340 2317 Data
1361 2278 1405 2316 in
1428 2290 1576 2316 manso
1599 2290 1694 2315 meo
1716 2276 1882 2329 Ripon',

354 2343 551 2382 vicesimo
574 2343 706 2382 tercio
728 2343 798 2381 die
820 2342 992 2395 Aprilis,
1015 2343 1138 2381 Anno
1161 2341 1335 2381 Domini
1358 2338 1462 2380 m¹¹¹¹⁰
1483 2344 1624 2380 cccc¹¹¹⁰
1646 2339 1750 2394 lvj²⁰.

442 2404 546 2460 Slip
562 2405 643 2459 for
664 2405 768 2455 seul,
791 2405 867 2446 but
889 2405 980 2446 scal
1000 2419 1124 2458 yona.

445 2468 678 2510 Endorsed
699 2470 744 2509 in
767 2470 876 2509 later
896 2469 1025 2509 hand.
1068 2471 1103 2509 A
1124 2470 1433 2523 presentacion.
1467 2469 1534 2508 Sir
1556 2468 1689 2507 Willi.
1713 2468 1882 2521 Scroop.

357 2533 482 2574 Preb.
505 2533 552 2573 of
569 2533 778 2573 Nunwick
801 2533 847 2573 of
863 2540 907 2586 ye
929 2534 1156 2589 Vicaridge
1178 2533 1224 2573 of
1240 2535 1282 2587 y‘
1303 2531 1448 2573 Prebd.
1490 2533 1545 2572 Αο
1572 2534 1696 2572 1450.
1740 2533 1789 2571 Β.
1815 2532 1883 2571 72.

461 2655 631 2690 CXXIX.
666 2655 1028 2691 APPOINTMENT
1061 2656 1124 2691 (JF
1155 2655 1408 2690 PROOTORS
1440 2655 1508 2689 BY
1539 2656 1574 2689 A
1606 2653 1789 2689 GANON.

897 2719 1037 2763 (Rn‘on
1059 2718 1240 2753 OHAPTER
1258 2717 1354 2763 MS.)

451 2784 501 2823 In
517 2783 595 2822 Dei
612 2783 811 2833 Nomine,
826 2784 977 2823 Amen.
1009 2784 1091 2823 Per
1104 2797 1289 2837 praesens
1312 2783 1531 2837 publicum
1547 2784 1885 2822 instrumentum

361 2847 526 2886 cunctis
557 2851 759 2900 appareat
791 2847 1027 2895 evidenter,
1049 2848 1161 2900 quod
1185 2848 1308 2886 Anno
1336 2847 1506 2886 Domini
1531 2846 1768 2897 secumdum
1791 2859 1881 2885 cur-

870 2920 924 2963 (l)
953 2920 1078 2965 Gray's
1098 2920 1273 2965 Register,
1293 2932 1324 2966 p.
1344 2922 1376 2954 9.
