1915 3068
62 139 123 186 68
775 151 1050 185 MnMomALs
1085 152 1144 185 OF
1178 152 1336 185 RIPON.

294 262 457 303 facient
491 264 792 303 execucionem
828 263 998 316 judicii,
1030 267 1112 304 etc.
1173 265 1231 304 Et
1260 262 1615 316 Archiepiscopus
1646 262 1824 304 habebit

294 326 448 366 catalla
473 327 566 380 ejus
594 327 706 367 infra
734 328 982 367 libertatem
1012 341 1134 367 suam
1165 328 1354 368 inventa.
1408 327 1574 368 Clamat
1605 328 1739 367 eciam
1770 328 1824 368 ab

294 391 471 444 antiquo
505 395 743 431 mercatum
775 391 890 444 apud
921 392 1219 432 BEVERLACUM
1252 391 1433 446 singulis
1465 392 1717 444 septimanis
1746 405 1822 444 per

54 462 226 501 Thursday
293 453 384 494 dies
405 455 609 494 Mercurii
631 458 675 494 et
698 455 890 506 Sabbati,
904 459 949 495 et
969 456 1082 508 apud
1099 456 1271 496 RIPOUN
1289 455 1469 509 singulis
1487 455 1735 508 septimanis
1749 469 1824 508 per

56 502 181 578 'fffisgfft
195 504 229 531 at
292 518 407 558 diem
441 518 591 568 Jovis‚¹
616 522 662 558 et
694 518 846 558 feriam
877 519 991 572 apud
1023 520 1320 560 BEVERLACUM
1353 523 1503 573 quater
1537 532 1612 572 per
1644 532 1821 569 annum,

293 581 425 621 semel
446 582 650 621 videlicet
670 582 716 621 in
737 582 885 636 vigilia
906 586 952 622 et
973 583 1043 622 die
1066 582 1213 623 Sancti
1234 583 1261 624 J
1264 582 1443 623 ohannis
1460 582 1666 635 Baptistae
1681 585 1722 621 e'-
1745 596 1821 635 per

291 649 379 685 tres
400 645 491 684 dies
515 649 757 698 sequentes,
780 649 826 686 et
847 646 952 685 alias
972 647 1019 686 in
1041 647 1189 701 vigilia
1211 650 1255 687 et
1275 648 1321 687 in
1342 647 1411 687 die
1434 646 1578 687 Sancti
1610 644 1820 686 ,Iohannis

291 709 343 748 de
381 709 610 749 Beverlaco
642 710 689 749 in
724 724 864 763 yeme,
899 713 945 750 et
976 711 1111 750 tercio
1145 711 1192 750 in
1229 711 1299 751 die
1334 710 1481 751 Sancti
1521 708 1732 750 ,Iohannis
1765 710 1819 750 de

291 772 521 812 Beverlaco
561 774 607 812 in
646 773 791 827 Mayo,
833 777 878 813 et
918 777 1070 827 quarto
1105 775 1152 814 in
1184 774 1334 828 vigilia
1366 778 1412 814 et
1443 773 1513 813 die
1549 774 1819 814 Ascensionis

54 843 127 872 Fair
142 844 235 874 twice
290 835 478 886 Domini,
500 839 544 875 et
564 850 639 889 per
656 840 823 889 septem
843 837 936 876 dies
959 841 1200 891 sequentes.
1251 838 1310 879 Et
1330 837 1482 878 feriam
1504 837 1618 890 apud
1635 837 1819 877 RYPOUN

53 892 71 912 ³
84 892 170 922 5⁶³¹·
289 899 355 940 bis
376 913 452 952 per
472 914 649 950 annum,
672 901 805 940 semel
826 901 1028 942 videlicet
1048 903 1095 942 in
1116 902 1264 956 vigilia
1285 905 1331 942 et
1351 903 1397 942 in
1410 902 1480 941 die
1503 904 1549 941 et
1568 902 1614 940 in
1635 902 1820 941 crastino

289 963 571 1003 Invencionis·
595 963 760 1004 Sanctae
787 964 947 1015 Crucis,
979 969 1024 1005 et
1057 966 1242 1006 secundo
1273 966 1319 1005 in
1350 965 1499 1019 vigilia
1530 968 1575 1005 et
1605 965 1674 1004 die
1707 965 1819 1004 etin

289 1027 474 1067 crastino
517 1027 664 1067 Sancti
700 1027 889 1068 Wilfridi
929 1032 1027 1082 post
1062 1029 1224 1070 festum
1267 1029 1414 1070 Sancti
1444 1027 1702 1078 Michaelis,2
1734 1032 1817 1069 etc.

289 1089 456 1131 Clamat
477 1091 614 1130 eciam
635 1091 774 1131 furcas
797 1095 842 1132 et
862 1093 1083 1146 gibettum
1110 1094 1156 1133 in
1185 1094 1401 1147 praedictis
1433 1093 1599 1133 duabus
1620 1092 1734 1131 villis
1764 1092 1817 1132 ab

287 1154 481 1206 antiquo,
504 1157 585 1194 etc.
648 1154 814 1195 Clamat
845 1156 981 1196 eciam
1002 1156 1055 1197 ab
1085 1158 1265 1210 antiquo
1294 1156 1448 1197 catalla
1467 1156 1750 1210 fugitivorum
1773 1159 1818 1196 et

288 1218 480 1257 felonum
517 1218 846 1271 dampnatorum
876 1220 923 1259 in
954 1221 1072 1260 curia
1099 1234 1174 1261 sua
1198 1222 1244 1260 in
1269 1221 1384 1260 villis
1404 1220 1619 1274 praedictis
1641 1220 1818 1259 inventa

287 1281 398 1321 infra
429 1281 653 1322 libertates
676 1296 770 1323 suas
801 1283 1041 1337 praedictas,
1074 1287 1118 1324 et
1150 1285 1303 1325 catalla
1333 1285 1506 1324 illorum
1536 1285 1582 1323 in
1612 1283 1818 1338 geldabili

287 1346 466 1385 inventa
495 1360 581 1386 non
612 1346 784 1388 clamat.
845 1349 904 1387 Et
933 1347 1289 1402 Archiepiscopus
1319 1349 1524 1402 quaesitus
1555 1348 1740 1401 qualiter
1772 1351 1818 1387 et

287 1409 458 1462 quando
488 1410 579 1462 ipse
609 1411 794 1463 percipit
824 1410 1071 1465 hujusmodi
1091 1413 1257 1463 catalla,
1289 1413 1395 1452 dicit
1425 1412 1537 1466 quod
1558 1425 1633 1464 per
1663 1424 1816 1450 manus

287 1472 542 1512 ballivorum
558 1487 731 1513 suorum
740 1477 968 1527 postquam
981 1474 1230 1529 hujusmodi
1247 1476 1397 1516 catalla
1414 1476 1459 1515 in
1472 1476 1629 1515 itinere
1638 1474 1816 1514 fuerunt

287 1535 543 1589 adjudicata,
575 1540 657 1577 etc.
719 1538 776 1576 Et
806 1539 1008 1591 quociens
1029 1540 1182 1592 aliquis
1213 1540 1295 1580 felo
1326 1540 1378 1579 de
1410 1538 1678 1579 libertalibus
1708 1552 1815 1591 prae-

284 1599 413 1639 dictis
452 1600 710 1653 dampnatus
741 1601 876 1641 fuerit
908 1602 976 1642 vel
1011 1602 1237 1656 fugitivus,
1269 1603 1422 1643 catalla
1453 1602 1545 1656 ejus
1577 1602 1815 1641 liberantur

285 1663 445 1703 villatis
468 1664 751 1704 custodienda
772 1679 908 1718 usque
930 1666 984 1705 ad
1005 1667 1086 1706 iter
1108 1667 1220 1706 infra
1240 1667 1500 1716 libertatem,
1524 1669 1604 1706 etc.
1649 1665 1815 1706 Clamat

51 1731 178 1768 Wreck,
192 1737 251 1764 etc.
286 1728 420 1767 eciam
441 1728 494 1767 ab
515 1728 694 1781 antiquo
715 1729 930 1769 wrekcum
952 1730 997 1769 in
1019 1729 1097 1770 hac
1119 1730 1267 1781 forma,
1281 1731 1483 1771 videlicet
1504 1730 1617 1783 apud
1639 1730 1813 1769 BEVER-

49 1771 208 1841 Jff{'t¹1¹2,2rm
221 1813 256 1842 of
284 1801 431 1831 LACUM
453 1791 528 1831 ubi
550 1805 730 1844 parvum
751 1791 974 1833 brachium
1007 1795 1135 1834 maris
1165 1808 1209 1834 se
1238 1795 1448 1845 extendit,
1470 1794 1672 1847 quociens
1694 1794 1814 1846 ligna

50 1851 170 1919 &ev-4²30?
185 1855 218 1910 {t
285 1855 352 1895 vel
372 1855 516 1909 aliqua
537 1856 620 1895 alia
640 1857 794 1896 catalla
814 1856 980 1910 abJecta
999 1857 1161 1898 suerint
1181 1873 1257 1912 per
1278 1872 1433 1912 aquam
1453 1858 1506 1898 ad
1527 1861 1685 1897 terram
1702 1857 1814 1896 infra

140 1900 214 1929 ‘⁰³‘
283 1920 531 1959 libertatem
573 1920 709 1973 ipsius
751 1919 1084 1975 Archiepiscopi,
1126 1923 1294 1975 quando
1335 1922 1425 1961 ulla
1464 1921 1514 1961 fit
1554 1921 1655 1960 inde
1698 1924 1814 1960 secta

284 1982 638 2037 Archiepiscopus
668 1984 742 2024 illa
773 1986 901 2038 capit,
924 1989 975 2025 ut
1005 1985 1235 2035 wrekcum,
1258 1989 1340 2027 etc.
1403 1985 1569 2026 Clamat
1599 1985 1733 2024 eciam
1759 1984 1813 2024 ab

48 2058 194 2088 Animals
284 2048 464 2100 antiquo
486 2048 705 2100 percipere
737 2049 942 2088 animalia
972 2063 1067 2102 quae
1098 2050 1302 2090 dicuntur
1322 2048 1440 2103 weyf
1466 2063 1564 2088 cum
1595 2049 1812 2088 acciderit.

48 2098 147 2127 ⁰⁸¹¹⁰d
163 2100 248 2138 weyf
285 2110 453 2151 Clamat
474 2111 609 2150 eciam
632 2111 684 2150 ab
705 2113 884 2165 antiquo
915 2114 1131 2166 percipere
1152 2113 1256 2153 fines
1287 2127 1362 2166 pro
1394 2112 1662 2153 evasionibus
1683 2112 1812 2151 latro-

286 2188 392 2214 num
415 2174 616 2214 levandos
638 2189 712 2227 per
733 2189 888 2215 manus
918 2175 1173 2216 ballivorum
1206 2191 1380 2217 suorum
1411 2180 1638 2230 postquam
1659 2174 1810 2228 hujus-

282 2238 397 2277 modi
430 2238 647 2278 evasiones
667 2238 922 2291 adjudicatae
953 2239 1132 2280 fuerunt
1162 2241 1207 2279 in
1238 2241 1394 2280 itinere
1426 2240 1535 2279 infra
1569 2239 1808 2278 libertatem

282 2315 418 2352 suam,
441 2305 522 2341 etc.
585 2301 751 2342 Clamat
773 2304 909 2342 eciam
931 2303 984 2344 ab
997 2305 1174 2357 antiquo
1188 2305 1407 2357 pillorium
1426 2307 1470 2343 et
1486 2303 1809 2354 tumber-ellum,

49 2375 204 2412 Appoint-
282 2369 364 2405 etc.
427 2364 595 2405 Clamat
617 2367 750 2406 eciam
773 2367 825 2406 ab
847 2368 1026 2420 antiquo
1048 2371 1317 2407 coronatores
1348 2368 1538 2421 proprios
1560 2368 1605 2406 in
1627 2369 1808 2419 utraque

49 2416 236 2483 ᾞζζζξρζῗίὲς
282 2429 383 2468 villa
403 2429 621 2481 ponendos
640 2432 684 2469 et
699 2431 956 2470 amovendos
978 2445 1053 2484 pro
1074 2431 1296 2471 voluntate
1319 2432 1453 2485 ipsius
1476 2429 1808 2482 Archiepiscopi,

49 2501 201 2522 coroners.
282 2493 357 2545 qui
393 2495 488 2532 tum
532 2496 660 2531 erunt
695 2493 831 2546 jurati
861 2494 914 2533 ad
946 2493 1324 2548 Arc-hiepiscopum
1355 2495 1408 2534 ad
1438 2494 1622 2533 fideliter
1648 2493 1807 2533 facien-

50 2566 167 2595 lie-turn
182 2567 217 2596 of
281 2557 384 2595 dum
415 2556 600 2595 officium
624 2556 905 2607 coronatoris,
938 2561 1019 2598 etc.
1083 2558 1250 2599 Clamat
1282 2559 1417 2598 eciam
1448 2558 1501 2597 ab
1533 2558 1710 2609 antiquo
1740 2570 1807 2596 re-

50 2606 152 2635 bness.
355 2636 411 2679 (1)
439 2634 482 2668 In
513 2635 604 2668 1223
637 2635 697 2669 tho
727 2635 866 2670 inarltet
893 2636 960 2681 day
990 2648 1064 2671 was
1092 2637 1344 2682 WVednesday3
1370 2648 1426 2671 see
1455 2647 1487 2682 p.
1507 2636 1562 2671 52.
1611 2635 1649 2669 It
1677 2634 1706 2669 is
1735 2634 1809 2668 still

280 2687 504 2781 Uullgllagee
528 2738 650 2778 above,
670 2750 702 2784 p.
722 2740 777 2773 53.
829 2740 929 2774 Fairs
957 2751 1017 2774 are
1044 2752 1126 2774 now
1155 2741 1237 2775 held
1264 2753 1307 2775 on
1334 2741 1394 2774 the
1420 2740 1498 2774 first
1514 2739 1699 2782 Thursday
1716 2738 1808 2773 after

280 2790 341 2823 the
361 2789 549 2824 twentioth
569 2791 636 2835 day
653 2791 744 2824 aster
768 2791 837 2825 Old
866 2791 1064 2826 Christmas
1090 2792 1182 2837 Day,
1200 2792 1284 2837 May
1303 2793 1346 2826 13
1364 2792 1433 2826 and
1453 2792 1509 2833 14,
1526 2791 1602 2825 first
1619 2791 1805 2834 Thursday

281 2843 349 2875 and
370 2842 502 2886 Friday
521 2842 554 2875 in
574 2842 595 2875 J
603 2854 680 2886 unc,
699 2842 885 2889 Thursday
904 2844 995 2878 after
1020 2845 1166 2888 August
1183 2846 1217 2888 2,
1234 2845 1313 2878 first
1329 2844 1515 2888 Thursday
1533 2843 1568 2877 in
1594 2841 1805 2886 November,

280 2894 349 2927 and
367 2894 568 2928 Novemlwr
586 2896 639 2927 ⁴23.
660 2895 838 2929 sslmwis's
862 2897 940 2940 Tap.
961 2896 1056 2930 Dies.
1079 2897 1179 2931 1810.
