1935 3151
105 473 179 505 Feb.
197 474 245 505 23.

105 599 288 631 witnesses.

104 2029 285 2060 witnesses.

103 2158 183 2188 Mur.
204 2160 247 2189 13.

102 2831 168 2853 ΛΑ).
187 2826 269 2856 1318.

823 160 1098 194 MEMORIALS
1132 160 1191 194 ΟΕ
1225 160 1382 194 RIPON.

339 272 504 312 nenciis
527 274 628 323 suis,
650 273 862 327 praedictis
883 272 1101 312 Willelmo
1123 275 1168 312 et
1185 272 1352 313 Ceciliae
1367 272 1490 312 uxori
1504 270 1612 325 ejus,
1625 270 1866 313 haeredibus

341 337 442 386 suis,
464 340 509 376 et
534 338 621 377 suis
642 337 870 390 assignatis
891 339 942 376 ut
972 336 1226 389 praedictum
1257 338 1336 386 est,
1357 337 1504 375 contra
1534 336 1681 376 om'nes
1711 339 1865 390 gentes

339 401 706 441 warantizabimus
726 401 772 439 in
793 404 1067 453 perpetuum.
1128 400 1182 439 In
1212 399 1336 453 cujus
1357 400 1421 439 rei
1441 399 1740 439 testimonium
1762 398 1864 439 huic

339 467 465 503 cartae
517 464 707 518 sigillum
747 477 894 503 meum
934 464 1127 517 apposui.
1204 463 1302 502 Dat.
1344 462 1498 516 Ripon’
1539 476 1665 515 super
1705 463 1864 503 dictam

338 530 496 567 terram
513 528 582 568 die
600 527 752 567 Martis
766 528 812 566 in
826 528 972 581 vigilia
986 527 1133 568 Sancti
1146 525 1325 567 Mathaei
1339 526 1545 580 Apostoli,
1562 527 1685 566 Anno
1699 526 1863 567 Graciae

338 591 495 630 M⁰ccc⁰
515 592 717 631 vicesimo
747 594 909 632 octavo.
971 591 1068 631 Hiis
1090 590 1290 640 testibus,
1311 589 1508 631 Johanne
1530 590 1582 629 de
1606 589 1864 639 Shirewode,

339 654 519 694 Ricardo
539 655 609 695 del
630 653 847 704 Brunhus,
870 655 1051 695 Ricardo
1067 655 1119 694 de
1136 654 1371 707 Aystenby,
1394 653 1574 694 Ricardo
1595 653 1648 693 de
1664 653 1863 703 Martan’,

338 718 519 758 Ricardo
541 718 707 769 Dilbur,
729 719 911 758 Ricardo
932 717 1132 768 Aldrech,
1154 717 1319 757 Thoma
1340 716 1541 768 Aldrech,
1563 721 1608 757 et
1629 717 1737 757 aliis.

424 780 555 821 Label
575 780 851 834 remaininy,
874 779 950 822 bat
972 780 1062 822 secel
1083 794 1206 834 (sone.

423 843 670 896 Eadm-sed,
693 846 749 886 H.
774 847 842 886 64.

629 942 817 980 CLXVII.
853 944 1027 979 GRANT
1058 944 1121 979 OF
1152 944 1294 979 LAND
1325 944 1380 979 IN
1406 944 1569 980 RIPON.

872 1006 1014 1051 (RIPON
1033 1006 1213 1042 ORAPTER
1229 1007 1326 1052 MS.)

424 1070 570 1112 Sciant
591 1074 823 1125 praesentes
855 1075 898 1112 et
930 1071 1081 1122 futuri,
1114 1073 1228 1125 quod
1250 1086 1330 1126 ego
1353 1072 1526 1113 Cecillia
1547 1085 1641 1125 quae
1662 1071 1726 1111 fui
1757 1085 1863 1111 uxor

336 1134 541 1175 willelmi
576 1135 899 1176 Somoundoure
933 1135 986 1175 de
1019 1135 1184 1189 Rypon‘
1205 1136 1251 1175 in
1287 1149 1393 1189 pura
1424 1136 1647 1176 viduetate
1673 1139 1717 1175 et
1749 1135 1863 1189 legia

336 1202 549 1251 potestate
580 1213 677 1239 mea
707 1199 911 1250 concessi,
933 1199 1048 1249 dedi,
1070 1202 1116 1239 et
1136 1198 1215 1239 hac
1235 1200 1438 1252 praesenti
1470 1203 1586 1239 carta
1615 1199 1861 1238 confirmavi

184 1272 190 1278 ·
216 1259 261 1310 ,8,
335 1261 552 1303 vvillelmo
573 1263 626 1302 de
647 1262 934 1317 Alhalghgate
956 1262 1009 1302 de
1031 1262 1210 1316 Rypon’,
1231 1276 1364 1302 unam
1393 1263 1541 1302 rodam
1562 1266 1607 1302 et
1637 1262 1862 1302 dimidiam

336 1329 461 1366 terrae
482 1326 659 1366 insimul
674 1326 871 1380 jacentes
892 1327 937 1365 in
959 1326 1177 1365 territorio
1198 1326 1250 1365 de
1273 1325 1440 1379 Rypon’
1461 1339 1513 1366 ex
1540 1329 1663 1379 parte
1685 1325 1862 1365 australi

336 1388 451 1430 bosci
472 1390 546 1442 qui
568 1394 742 1429 vocatur
762 1389 988 1443 Depegyll,
1010 1403 1139 1442 quam
1161 1390 1338 1442 quidem
1358 1393 1517 1429 terram
1533 1388 1665 1429 habui
1679 1403 1731 1429 ex
1752 1389 1862 1428 dono

338 1456 384 1492 et
424 1453 694 1492 concessione
736 1453 947 1492 Alianorae
988 1453 1203 1506 quondam
1244 1453 1388 1492 uxoris
1421 1453 1592 1493 Ricardi
1643 1452 1696 1492 de
1737 1452 1860 1500 Da113

337 1516 575 1555 tenendum
591 1519 635 1556 et
649 1515 895 1556 habendum
909 1516 1068 1556 dictam
1083 1520 1241 1555 terram
1255 1530 1354 1555 cum
1368 1516 1567 1556 omnibus
1581 1515 1861 1569 pertinenciis

338 1579 439 1628 suis,
471 1579 612 1618 eidem
634 1579 865 1630 willelmo,
896 1578 1153 1629 haeredibus,
1182 1583 1227 1619 et
1257 1580 1498 1633 assignatis,
1530 1580 1677 1629 libere,
1698 1579 1861 1632 quiete,

336 1642 460 1692 bene,
474 1643 518 1681 in
533 1656 648 1695 pace,
665 1646 708 1682 et
725 1643 1060 1696 imperpetuum,
1075 1643 1127 1682 de
1143 1643 1315 1695 capitali
1329 1643 1502 1683 domino
1514 1643 1627 1683 feodi
1641 1642 1773 1693 illius,
1787 1655 1862 1695 per

338 1706 514 1745 servicia
535 1706 634 1745 inde
657 1705 803 1761 debita
824 1710 867 1746 et
887 1710 1105 1746 consueta.
1166 1706 1223 1745 Et
1244 1719 1324 1760 ego
1345 1720 1444 1746 vero
1464 1707 1668 1760 praedicta
1690 1705 1861 1746 Cecillia

336 1773 382 1808 et
418 1768 607 1808 haeredes
644 1770 730 1809 mei
767 1772 904 1809 totam
940 1769 1189 1822 praedictam
1221 1772 1380 1809 terram
1414 1783 1513 1810 cum
1542 1770 1740 1809 omnibus
1764 1782 1860 1822 per-

335 1833 536 1872 tinenciis
568 1833 654 1872 suis
684 1833 887 1886 praedicto
906 1833 1138 1883 willelmo,
1160 1832 1416 1884 haeredibus,
1438 1836 1483 1873 et
1503 1834 1729 1887 assignatis
1759 1833 1860 1882 suis,

336 1898 481 1935 contra
511 1909 658 1936 omnes
688 1902 842 1950 gentes
864 1897 1235 1936 warantizabimus
1267 1897 1601 1949 imperpetuum.
1662 1897 1715 1936 In
1737 1895 1860 1949 cujus

335 1959 398 1998 rei
439 1960 736 1999 testimonium
776 1960 1058 2013 praesentibus
1100 1960 1289 2014 sigillum
1329 1974 1476 2000 meum
1509 1960 1701 2013 apposui.
1762 1959 1860 1998 Hiis

336 2022 534 2073 testibus,
567 2022 764 2063 Johanne
795 2024 847 2063 de
881 2022 1122 2076 Sehyrwod‚
1149 2024 1317 2077 Rogero
1345 2024 1397 2063 de
1428 2022 1634 2073 Cluther'‚
1662 2021 1859 2063 Johanne

337 2085 544 2139 Frankys‚
564 2087 782 2127 willelmo
804 2087 971 2139 Lyster,
994 2086 1176 2127 Ricardo
1197 2087 1249 2127 de
1273 2087 1508 2141 Aystenby,
1530 2090 1577 2126 et
1598 2086 1706 2126 aliis.

423 2149 521 2189 Dat.
558 2151 671 2202 apud
708 2149 872 2203 Rypon’
905 2150 973 2190 die
1011 2151 1145 2190 Lunae
1174 2152 1366 2203 proxima
1395 2153 1491 2203 post
1521 2149 1680 2190 festum
1714 2150 1859 2190 Sancti

337 2212 534 2266 Gregorii
575 2213 716 2267 Papae,
749 2214 872 2253 Anno
906 2214 1081 2253 Domini
1115 2214 1350 2254 Millesimo
1381 2216 1501 2254 cccmo
1534 2214 1859 2268 quadragesimo

336 2279 467 2316 sexto.

421 2338 566 2380 Small
597 2338 695 2380 oval
727 2339 816 2380 seal
858 2339 909 2394 of
935 2339 1066 2381 white
1099 2353 1199 2381 wast:
1232 2339 1431 2381 attached
1460 2338 1512 2392 by
1548 2338 1684 2380 label:
1705 2338 1859 2393 flgyure

334 2400 385 2454 of
407 2399 472 2441 the
503 2401 677 2443 Blessed
716 2402 879 2455 Viryin
910 2402 1144 2457 standinq,
1178 2402 1392 2454 crowned,
1425 2401 1534 2444 with
1566 2401 1634 2443 the
1666 2402 1857 2457 lusam,-

334 2463 614 2518 Inscrz’ptz'on
636 2464 837 2518 illeyz'ble.

333 2569 541 2606 CLXVIII.
576 2570 711 2605 DEED
737 2570 800 2605 OF
825 2571 1123 2607 OOVENANTS
1154 2572 1214 2607 TO
1241 2571 1553 2608 ACCOMPANY
1580 2570 1859 2606 MORTGAGE

607 2627 673 2661 BY
710 2626 830 2662 WAY
868 2628 930 2663 OF
962 2629 1097 2663 BOND
1139 2629 1245 2664 AND
1279 2629 1589 2665 FEOFFMENT.

867 2690 1011 2734 (ans
1028 2691 1210 2726 CHAPTER
1228 2692 1323 2736 MS.)

911 2753 945 2786 A
991 2753 1023 2786 B
1069 2753 1097 2788 O
1146 2753 1180 2787 D
1229 2754 1271 2789 E.

419 2815 522 2855 Haec
556 2816 784 2856 indentura
818 2819 1004 2857 testatur
1036 2818 1149 2870 quod
1182 2832 1283 2858 cum
1314 2819 1513 2859 dominus
1554 2817 1773 2859 Johannes
1804 2818 1857 2858 de

333 2875 626 2931 Bassyngham
658 2879 710 2919 de
744 2878 1056 2933 Badlyngham‚
1080 2880 1281 2932 chivaler,
1307 2886 1507 2923 teneatur
1532 2895 1606 2936 per
1639 2881 1854 2935 quoddam
