1935 3151
69 129 165 179 178

66 1101 98 1128 to
114 1098 231 1132 allega-

65 1138 188 1174 {tatinus
204 1137 247 1176 by

67 1187 139 1215 way
154 1177 188 1205 of

66 1225 181 1246 excuse
196 1216 245 1244 for

67 1264 221 1293 non-pay-

66 1299 163 1330 ment,

89 2585 123 2605 or
140 2575 184 2604 for
199 2583 277 2612 pay-

91 2617 177 2644 nwnt
191 2614 265 2642 else-

91 2654 195 2685 where
209 2653 284 2681 than

91 2695 124 2722 at
138 2693 191 2721 the
207 2691 285 2725 high

94 2733 174 2760 altar
189 2733 221 2759 at

95 2771 205 2807 Ripon.

780 143 815 175 M
824 144 1056 177 EMORIALS
1091 145 1149 178 OF
1186 145 1344 178 RIPON.

302 255 496 308 parcellae
528 255 722 309 ejusdem
764 256 817 296 ad
849 256 1012 310 aliquid
1045 256 1205 296 festum
1242 256 1469 297 solucionis
1502 256 1602 296 inde
1640 256 1839 310 superius

303 320 553 370 limitatum,
575 322 740 360 tociens
765 335 841 361 nos
866 321 971 360 dicti
993 321 1114 361 Prior
1145 325 1190 361 et
1222 320 1468 362 Conventus
1500 324 1545 360 et
1576 334 1836 360 successores

301 384 437 423 nostri
471 384 684 424 solvemus
721 384 898 438 praefato
933 384 1150 437 capellano
1184 386 1384 425 cantariae
1417 385 1630 438 praedietae
1666 387 1712 424 et
1744 383 1837 437 ejus

302 449 632 499 successoribus,
648 450 700 489 ad
713 449 846 489 altare
864 450 1132 503 praedictum,
1153 450 1197 489 xl
1221 450 1379 490 solidos
1396 449 1572 490 nomine
1585 463 1736 502 poenae,
1751 462 1837 488 una

301 526 399 552 cum
415 512 480 568 ar(
485 512 684 568 er)ragiis
707 514 812 553 dicti
829 514 962 553 annui
978 514 1175 554 redditus
1193 514 1343 554 decem
1360 527 1600 553 marcarum
1615 513 1683 553 vel
1700 512 1836 552 alicu-

294 576 369 630 jus
392 578 587 630 parcellae
610 578 819 631 ejusdem,
841 578 893 618 ad
915 592 1043 631 quam
1065 579 1241 631 quidem
1270 578 1533 618 solucionem
1554 577 1837 631 quadraginta

302 640 548 691 solidorum,
563 642 768 695 quociens
782 656 859 682 nos
873 642 1039 682 dictusl
1056 642 1176 682 Prior
1190 647 1235 682 et
1250 642 1494 683 Conventus
1509 645 1554 681 et
1572 654 1837 681 successores

298 706 436 745 nostri
463 706 760 758 defecerimus,
785 711 861 746 aut
891 707 1046 760 aliquis
1078 711 1274 747 nostrum
1305 707 1513 747 defecerit
1542 706 1589 746 in
1621 706 1837 746 solucione

299 769 403 808 dicti
435 771 569 809 annui
610 770 806 810 redditus
838 771 989 811 decem
1029 785 1269 811 marcarum
1310 771 1378 811 vel
1419 769 1601 824 alicujus
1642 769 1837 823 parcellae

298 831 493 885 ejusdem
515 834 567 873 ad
588 834 752 887 aliquid
774 834 936 874 festum
959 834 1156 889 ejusdem
1176 835 1405 875 solucionis
1428 834 1530 874 inde
1551 834 1837 887 praenomina-

297 900 407 946 tum,
431 897 670 951 obligamus
693 912 769 938 nos
792 902 836 938 et
860 913 1120 939 successores
1145 903 1312 940 nostros
1334 900 1379 938 in
1401 899 1604 952 praedicta
1625 896 1838 952 (summa)

297 960 339 1000 xl
363 961 595 1001 solidorum
616 976 691 1015 per
713 967 947 1015 praesentes
970 963 1147 1016 praesato
1168 964 1388 1018 capellano
1409 963 1609 1003 cantariae
1622 962 1838 1015 praedictae

298 1028 343 1065 et
367 1026 686 1066 successoribus
710 1027 799 1066 suis
824 1027 1040 1068 solvenda.

386 1090 442 1129 Et
465 1090 665 1141 ulterius,
690 1091 834 1130 sciatis
857 1105 934 1131 nos
968 1091 1159 1131 Priorem
1191 1096 1235 1132 et
1267 1092 1537 1133 Conventum
1567 1090 1836 1131 antedictum

296 1167 371 1207 pro
392 1153 516 1194 nobis
539 1158 583 1194 et
607 1155 921 1195 successoribus
953 1157 1112 1196 nostris
1144 1157 1420 1208 concessisse,
1452 1155 1565 1210 quod
1593 1156 1627 1194 si
1659 1168 1736 1194 nos
1760 1158 1837 1194 aut

299 1232 564 1258 successores
587 1219 722 1258 nostri
738 1219 1083 1273 allegaverimus,
1101 1224 1177 1261 aut
1198 1221 1353 1274 aliquis
1370 1224 1570 1261 nostrum
1586 1219 1839 1273 allegaverit

296 1282 460 1335 aliquid
483 1283 706 1336 scriptum,
728 1283 906 1334 factum,
928 1284 996 1324 vel
1017 1286 1355 1338 acquietanciam
1369 1285 1475 1325 dicti
1492 1283 1626 1324 annui
1641 1283 1839 1323 redditus

298 1346 449 1386 decem
471 1360 710 1386 marcarum
731 1347 800 1387 vel
825 1347 1007 1402 alicujus
1038 1350 1232 1402 parcellae
1263 1350 1309 1389 in
1342 1349 1692 1390 exoneracionem
1724 1346 1838 1386 solu-

300 1411 435 1450 cionis
487 1411 680 1463 praedicti
731 1412 863 1451 annui
906 1412 1101 1452 redditus
1148 1427 1224 1453 seu
1269 1414 1419 1454 decem
1461 1425 1717 1462 marcarum,
1761 1424 1838 1450 seu

300 1474 515 1514 dictarum
557 1475 843 1528 quadraginta
885 1475 1117 1516 solidorum
1158 1479 1333 1517 nomine
1375 1490 1512 1530 poenae
1548 1489 1623 1529 pro
1664 1474 1839 1515 defectu

303 1538 534 1578 solucionis
569 1538 674 1578 dicti
706 1540 839 1578 annui
881 1540 1073 1580 redditus
1104 1541 1253 1582 decem
1284 1555 1525 1582 marcarum
1556 1540 1625 1580 vel
1655 1538 1838 1592 alicujus

301 1602 497 1656 pai-cellae
526 1601 723 1655 ejusdem
756 1617 1021 1655 concessum,
1053 1606 1136 1644 nisi
1168 1606 1468 1646 tantummodo
1499 1604 1838 1658 acquietanciam

303 1669 378 1706 aut
431 1667 638 1719 scriptum
690 1667 966 1708 relaxacionis
1008 1669 1113 1709 dicti
1155 1670 1361 1723 capellani
1404 1669 1603 1710 cantariae
1644 1667 1838 1721 praedicti

303 1730 503 1785 magistri
539 1729 752 1771 Johannis
786 1731 960 1772 Sendall
991 1736 1165 1786 portans
1198 1735 1343 1774 datam
1364 1735 1410 1774 in
1442 1734 1567 1774 domo
1598 1731 1838 1786 capitulari,

305 1808 380 1834 seu
402 1794 589 1847 aliquam
615 1794 877 1835 solucionem
899 1797 998 1836 inde
1020 1797 1107 1838 fore
1128 1798 1316 1838 fiendam
1347 1798 1434 1838 nisi
1463 1795 1765 1837 tantummodo
1785 1795 1838 1835 ad

306 1872 523 1897 summum
554 1858 704 1909 altare,
737 1863 895 1899 extunc
926 1860 1165 1915 obligamus
1196 1875 1272 1902 nos
1304 1865 1348 1902 et
1380 1874 1642 1902 successores
1672 1862 1839 1899 nostros

306 1922 467 1962 solvere
490 1922 708 1975 capellano
730 1923 907 1976 praefato
938 1926 1137 1965 cantariae
1168 1926 1395 1979 praedictae,
1417 1928 1493 1965 aut
1527 1923 1842 1965 successoribus

309 1987 411 2036 suis,
433 1986 624 2039 quinque
647 2000 808 2027 marcas
837 1987 986 2042 legalis
1008 1994 1192 2030 monetae
1214 1990 1381 2045 Angliae
1413 2003 1487 2043 pro
1518 1988 1712 2042 quolibet
1732 1987 1842 2027 festo

310 2050 538 2090 solucionis
572 2051 786 2103 praedictae
821 2065 896 2104 pro
928 2066 1013 2106 quo
1046 2067 1122 2094 nos
1155 2054 1341 2110 allegare
1382 2053 1616 2106 contigerit
1655 2051 1842 2105 aliquam

308 2114 648 2167 acquietanciam
665 2114 732 2154 vel
750 2115 921 2168 aliquod
938 2117 1145 2170 scriptum
1162 2122 1334 2171 portans
1357 2119 1501 2158 datam
1518 2118 1564 2156 in
1580 2116 1706 2156 domo
1727 2115 1842 2168 capi-

309 2177 438 2217 tulari
460 2175 686 2232 (ecclesias)
707 2178 942 2234 collegiatae
967 2182 1220 2234 supradictae
1249 2183 1301 2222 de
1323 2181 1476 2235 Ripon’
1498 2180 1753 2234 supradicta,
1774 2178 1843 2218 vel

310 2241 472 2294 aliquid
513 2241 629 2281 aliud
662 2242 707 2281 in
750 2245 1096 2285 exoneracionem
1137 2245 1242 2285 dicti
1283 2246 1416 2285 annui
1457 2245 1652 2285 redditus
1694 2243 1843 2283 decem

313 2319 548 2344 marcarum
572 2305 637 2345 vel
669 2305 852 2360 alicujus
883 2309 1073 2361 parcellae
1104 2308 1299 2362 ejusdem
1331 2323 1405 2350 seu
1435 2310 1561 2349 dictae
1584 2320 1759 2348 summae
1780 2306 1844 2345 xl⁸

318 2368 549 2408 solidorum
591 2370 763 2410 nomine
805 2385 955 2424 poenae,
989 2373 1073 2412 nisi
1115 2373 1414 2413 tantummodo
1448 2371 1741 2426 acquietancia
1776 2369 1846 2409 vel

316 2432 487 2485 aliquod
530 2434 736 2486 scriptum
778 2438 949 2487 portans
982 2437 1126 2477 datam
1163 2438 1207 2477 in
1242 2437 1367 2477 domo
1400 2436 1622 2491 capitulari
1655 2433 1845 2475 ecclesiae

317 2497 554 2550 collegiatae
577 2498 840 2551 supradictae,
864 2504 907 2540 et
930 2501 1089 2542 ibidem
1112 2502 1331 2543 liberetur.

408 2561 466 2601 Et
480 2561 654 2614 insuper
676 2575 752 2602 nos
774 2563 878 2603 dicti
901 2564 1022 2605 Prior
1043 2569 1087 2606 et
1109 2565 1354 2607 Conventus
1375 2579 1450 2620 pro
1471 2565 1594 2605 nobis
1617 2566 1662 2604 et
1684 2575 1849 2603 succes-

321 2624 485 2666 soribus
505 2626 662 2665 nostris
684 2627 956 2668 concedimus
978 2629 1153 2682 praefato
1183 2631 1398 2685 capellano
1418 2629 1615 2670 cantariae
1636 2626 1848 2681 praedictae

321 2693 366 2729 et
388 2689 703 2730 successoribus
729 2691 816 2731 suis
838 2705 913 2745 per
935 2698 1183 2746 praesentes,
1205 2695 1318 2749 quod
1347 2695 1381 2735 si
1409 2707 1484 2735 nos
1509 2691 1704 2747 praedicti
1728 2690 1850 2731 Prior

322 2756 366 2792 et
388 2752 633 2793 Conventus
654 2753 995 2808 allegaverimuffi
1021 2771 1094 2797 seu
1119 2772 1383 2799 successores
1412 2757 1546 2797 nostri
1568 2753 1849 2809 allegaverint

323 2816 508 2868 aliquam
549 2816 807 2857 solucionem
850 2819 949 2858 alibi
993 2835 1120 2873 quam
1160 2823 1212 2861 ad
1253 2822 1417 2862 dictum
1459 2832 1677 2860 summum
1717 2817 1848 2857 altare

834 2896 889 2940 (l)
918 2897 965 2929 So
984 2898 1018 2932 in
1039 2898 1114 2933 MS.
1134 2899 1188 2933 for
1206 2902 1213 2918 ‘
1230 2900 1342 2934 dicti!
