1955 3068
629 175 738 209 ORIG
745 175 855 208 INAL
890 175 1179 209 DOCUMENTS.

228 288 384 329 Obitus
406 288 615 328 Willelmi
636 289 853 340 Vawsour,
875 289 1083 338 canonici,
1112 288 1189 328 fiat
1218 287 1315 341 xiij⁰
1346 288 1417 328 die
1449 287 1476 328 J
1481 287 1573 337 ulii,
1596 301 1673 341 pro

139 366 224 406 quo
245 366 382 405 nuper
402 353 646 406 percipiunt
668 352 707 406 vj
724 353 869 392 vicarii
883 353 1108 392 annuatim
1125 352 1176 391 de
1195 351 1417 392 Aldefelde
1433 352 1473 391 N
1476 348 1674 401 orthows,

138 417 182 455 ix
205 430 236 456 s.
268 416 320 456 ad
343 416 451 456 festa
483 416 629 456 Sancti
651 416 832 456 Martini
855 420 900 456 et
930 416 1224 466 Pentecostes,
1256 429 1331 468 per
1363 415 1548 469 aequales
1577 430 1675 469 por-

140 481 297 529 ciones,
330 480 444 519 unde
476 480 548 519 sol.
580 480 633 519 ad
666 480 826 520 festum
859 480 1005 520 Sancti
1037 480 1216 519 Martini
1248 480 1539 532 praebendario
1571 493 1677 533 prae-

142 544 290 584 bendae
312 544 364 583 de
388 543 652 596 Gevyndale,
674 543 719 596 iij
746 557 778 582 s.
796 543 857 596 iiij
878 544 919 583 d.
937 546 982 583 et
1004 543 1057 582 ad
1075 543 1234 583 festum
1256 544 1549 593 Pentecostes,
1573 544 1618 582 iii
1643 558 1675 584 s,

141 606 179 660 vj
205 607 261 656 d.,
294 610 339 646 et
372 607 431 646 sic
462 611 658 646 remanet
690 607 859 646 vicariis
890 610 1063 646 tantum
1096 606 1186 659 xiiij
1211 606 1268 656 d.,
1291 620 1396 659 quos
1417 608 1676 646 camerarius

139 671 321 711 vicarius
345 671 451 711 solet
474 669 630 711 habere
652 685 727 724 pro
748 671 872 711 feodo
895 685 970 711 suo
999 671 1073 710 illo
1094 684 1219 710 anno.
1282 672 1396 710 Item
1419 669 1581 710 habent
1602 685 1676 724 pro

139 735 289 775 eodem
312 734 434 775 obitu
465 748 597 774 unam
618 748 755 774 acram
779 739 904 774 terrae
920 735 1141 787 jacentem
1158 734 1284 787 juxta
1306 735 1417 774 viam
1439 748 1534 787 quae
1556 735 1677 774 ducit

140 813 164 838 a
187 798 502 852 Staynbrygate
525 812 659 851 usque
682 799 734 837 ad
756 799 1057 837 Molendinum
1076 798 1296 838 Orientale
1314 798 1440 838 modo
1462 799 1506 837 in
1522 802 1678 838 tenura

139 861 349 902 Johannis
372 862 563 915 Croyser,
585 866 630 901 et
651 862 794 901 reddit
816 875 890 915 per
912 875 1089 911 annnm,
1121 861 1149 914 ij
1177 876 1208 901 s.
1272 862 1385 901 Item
1408 861 1571 901 habent
1603 876 1677 915 pro

139 926 290 966 eodem
307 925 429 965 obitu
447 924 769 979 (tenementum
787 925 828 978 Ρ)
840 925 1005 965 dudum
1024 938 1206 964 vacuum
1224 926 1269 964 in
1287 925 1604 979 Staynbrygate
1622 927 1675 965 de

139 1003 247 1029 novo
267 989 541 1039 aedificatum,
563 989 806 1042 sumptibus
828 993 1106 1028 executorum
1137 989 1305 1028 Ricardi
1330 989 1555 1043 Sunnyng,
1577 1003 1676 1029 cum

140 1053 322 1106 quadam
345 1066 511 1092 summa
531 1053 740 1106 pecuniae,
763 1056 812 1092 ut
833 1052 1072 1106 praefertur.

230 1180 385 1221 Obitus
406 1180 530 1220 Alani
553 1181 788 1233 Balyeman
818 1183 863 1220 et
883 1180 1064 1233 Agnetis
1097 1181 1239 1220 uxoris
1262 1180 1355 1235 ejus
1379 1181 1455 1220 fiat
1477 1182 1678 1221 vicesimo

142 1244 326 1285 secundo
367 1245 436 1284 die
476 1245 636 1284 mensis
678 1245 815 1294 Junii,
846 1258 922 1297 pro
955 1258 1039 1296 quo
1072 1243 1234 1284 habent
1275 1245 1313 1298 vj
1354 1246 1499 1284 vicarii
1541 1259 1679 1285 unum

141 1312 445 1348 tenementum
476 1309 522 1347 in
562 1306 975 1361 Wallmnylsnbasnlssest
1010 1308 1136 1348 modo
1171 1314 1320 1348 vocato
1351 1307 1679 1360 Bedernebank,

140 1372 266 1412 modo
307 1372 353 1411 in
395 1375 551 1412 tenura
583 1370 757 1411 Thomae
791 1370 1000 1420 Colhowe,
1038 1375 1082 1411 et
1120 1372 1263 1412 reddit
1298 1386 1372 1425 per
1406 1386 1569 1412 annum
1603 1387 1680 1426 pro

140 1448 256 1475 nunc
288 1434 372 1489 xxij
398 1449 446 1484 s.‚
475 1436 589 1475 unde
621 1435 695 1474 sol.
729 1435 856 1474 dictis
893 1435 1061 1474 vicariis
1097 1436 1324 1475 annuatim
1357 1450 1524 1476 summo
1555 1437 1679 1476 altari

140 1499 329 1539 ecclesiae
370 1499 604 1553 collegiatae
640 1498 794 1552 Ripon'
835 1498 863 1552 ij
901 1512 948 1549 s.‚
990 1502 1041 1538 ut
1082 1502 1204 1552 patet
1244 1500 1290 1539 in
1332 1503 1449 1540 carta
1489 1501 1678 1554 antiquae

140 1562 354 1603 bedernae.

231 1684 386 1726 Obitus
418 1685 617 1739 Hugonis
648 1684 700 1725 de
733 1683 991 1734 Roderham‚
1014 1686 1220 1736 canonici,
1242 1686 1317 1726 fiat
1349 1687 1553 1726 vicesimo
1585 1701 1680 1740 sep-

142 1749 250 1788 timo
290 1749 360 1789 die
394 1748 531 1798 Junii,
564 1763 640 1801 pro
676 1762 759 1801 quo
792 1749 1031 1801 percipient
1068 1748 1109 1802 vj
1146 1750 1291 1788 vicarii
1328 1750 1373 1789 in
1408 1750 1477 1789 die
1520 1750 1678 1800 obitus,

142 1813 382 1862 annuatim,
414 1812 467 1852 de
497 1812 717 1851 willelmo
748 1811 992 1862 Bowhmde,
1024 1812 1243 1865 capellano
1279 1815 1477 1853 cantariae
1511 1813 1677 1854 Sanctae

143 1876 382 1925 Trinitatis,
408 1875 437 1929 ij
470 1889 519 1926 s.‚
536 1879 582 1915 et
603 1875 769 1915 diaconi
792 1889 868 1928 pro
889 1875 1055 1924 eodem,
1077 1875 1134 1929 xij
1167 1876 1224 1925 d.,
1247 1890 1377 1930 quam
1400 1891 1496 1917 vero
1518 1882 1677 1930 petunt

144 1939 250 1979 solvi
272 1953 346 1992 pro
366 1940 559 1992 gardinis
589 1937 831 1978 Roderham
861 1938 906 1977 in
935 1937 1302 1992 Nethyrslcelgyate,
1324 1941 1484 1980 vocatis
1510 1939 1677 1981 Roder-

143 2001 250 2043 ham
281 2000 469 2055 yarthes,
502 2006 547 2042 et
578 2002 654 2042 sol.
691 2015 768 2055 per
801 2002 1024 2041 decretum
1059 2003 1256 2056 magistri
1288 2003 1496 2044 Willelmi
1533 2004 1677 2058 Scrop,

143 2080 348 2107 canomm.

234 2187 389 2228 Obitus
411 2188 591 2241 Agnetis
615 2187 835 2240 Skrevyne
859 2187 931 2227 fiat
955 2201 1068 2227 nono
1089 2188 1158 2227 die
1181 2187 1207 2227 J
1213 2188 1290 2227 ulii
1314 2202 1387 2241 pro
1409 2203 1495 2242 quo
1517 2188 1679 2229 habent

145 2265 218 2291 sex
239 2252 398 2301 vicarii,
420 2255 465 2291 et
486 2252 702 2304 recipiunt
715 2251 941 2290 annuatim
958 2251 1010 2290 de
1025 2252 1274 2291 custodibus
1289 2252 1457 2292 fabricae
1474 2253 1678 2304 ecclesiae,

144 2315 190 2354 in
212 2315 282 2355 die
303 2315 462 2365 obitus,
483 2314 538 2354 de
558 2315 684 2354 domo
707 2327 834 2367 supra
854 2312 1086 2365 Scolhows,
1108 2316 1152 2354 ix
1174 2315 1215 2355 d.

234 2441 388 2483 Obitus
410 2442 663 2495 Margaretae
692 2442 744 2481 de
777 2441 927 2494 Mylne
950 2441 1027 2481 fiat
1058 2442 1130 2495 xiij
1165 2443 1235 2483 die
1267 2445 1427 2483 mensis
1459 2444 1582 2494 Julii,
1605 2459 1680 2498 pro

145 2520 230 2560 quo
270 2507 515 2559 percipiunt
546 2519 618 2545 sex
649 2506 793 2545 vicarii
827 2506 872 2545 in
904 2506 974 2546 die
1008 2505 1175 2546 Sanctae
1214 2507 1454 2548 Scolasticae
1487 2510 1680 2563 virginis,

145 2570 198 2609 de
220 2569 438 2623 capellano
460 2570 658 2608 cantariae
682 2569 849 2609 Sanctae
871 2569 1020 2609 Mariae
1042 2570 1088 2609 in
1103 2569 1230 2623 Lady
1253 2570 1382 2621 Kirk,
1400 2586 1474 2624 pro
1496 2573 1680 2625 quodam

143 2634 322 2687 gardino
343 2647 395 2673 ex
416 2633 624 2686 opposito.

824 2705 1000 2751 (XLIX.)

235 2769 382 2810 Sciant
402 2773 636 2823 praesentes
658 2773 705 2809 et
726 2768 880 2820 futuri,
901 2771 1014 2823 quod
1036 2784 1111 2811 nos
1135 2771 1342 2812 Ricardus
1364 2773 1417 2813 de
1441 2773 1603 2826 Grydd,
1625 2774 1679 2814 de

148 2835 464 2890 Gofflesburgh,
486 2840 532 2876 et
553 2835 690 2875 Alicia
710 2849 814 2875 uxor
837 2849 945 2886 mea,
967 2836 1181 2885 dedimus,
1203 2840 1506 2889 concessimus,
1535 2844 1579 2880 et
1601 2839 1679 2880 hac

595 2915 649 2958 (l)
678 2914 742 2949 See
760 2914 919 2961 Chapter
938 2916 1038 2958 Acts,
1058 2928 1089 2962 p.
1110 2917 1167 2960 84,
1187 2929 1219 2952 ιι.

1814 162 1906 212 135

1710 293 1787 324 obit
1804 295 1838 323 of
1859 294 1911 326 W.

1711 334 1870 368 vawsuur,

1711 376 1743 401 to
1759 373 1796 401 bc
1812 373 1887 410 kept

1711 422 1750 440 on
1769 412 1846 451 July
1866 414 1910 442 13.

1712 999 1751 1027 so.
1771 1000 1824 1027 103
1841 999 1873 1028 d.

1714 1190 1790 1219 obit
1805 1190 1839 1219 of
1858 1191 1898 1219 Α.

1715 1230 1899 1268 Βηίγθιῐιεη,

1714 1274 1746 1298 to
1763 1270 1799 1297 lne
1816 1270 1891 1305 kept

1714 1318 1754 1338 cn
1769 1308 1851 1338 June
1865 1309 1914 1338 22.

1714 1697 1789 1726 obit
1805 1698 1839 1726 of

1717 1737 1817 1772 Hugh
1835 1736 1892 1765 Ro-

1715 1777 1871 1809 therham,

1714 1819 1746 1843 to
1762 1815 1797 1843 be
1813 1815 1890 1852 kept

1713 1864 1749 1883 on
1768 1854 1851 1883 June
1864 1855 1912 1883 27.

1713 2198 1787 2228 Obit
1804 2199 1838 2227 of

1714 2238 1798 2275 Agn.
1818 2238 1898 2266 Scri-

1714 2286 1782 2308 ven.
1802 2281 1833 2305 to
1849 2278 1889 2306 be

1716 2316 1790 2352 kept
1806 2325 1845 2344 on

1713 2354 1790 2393 July
1806 2356 1834 2384 9.

1714 2456 1789 2485 Obii
1805 2458 1840 2485 of

1715 2495 1818 2531 Mar-g.

1716 2534 1832 2572 Mylne.
1851 2539 1882 2564 to

1715 2574 1751 2602 be
1769 2574 1841 2611 kept
1857 2584 1897 2603 ou

1714 2613 1793 2650 July
1811 2615 1857 2642 13.

1716 2790 1781 2820 Ric.
1795 2792 1832 2820 de

1714 2830 1739 2859 G
1746 2831 1824 2868 rydd
1840 2831 1913 2859 sous

1715 2879 1731 2898 a
1748 2870 1809 2898 tost
1826 2879 1902 2899 near
