1915 3068
69 148 131 194 80
782 163 1058 196 MEMORIALS
1093 163 1152 196 or
1187 157 1345 196 RIPONI

301 274 499 314 navimus
511 274 778 328 conjunctim
795 278 840 315 et
854 274 1042 324 divisim,
1057 275 1154 314 etc.¹
1169 277 1221 314 ut
1237 288 1377 327 supra,
1394 275 1577 314 mutatis
1593 273 1830 314 mutandis.

301 338 355 378 In
372 338 439 391 cuj
446 353 510 390 us,
528 342 610 379 etc.
671 340 799 379 Teste
821 342 874 379 ut
893 351 1040 393 supra
1057 337 1198 394 [Rege
1215 338 1329 392 apud
1348 338 1520 378 Belford
1540 337 1598 392 xij
1622 338 1692 378 die
1709 338 1832 378 Maii.

302 401 386 442 Per
405 403 550 456 ipsum
571 400 757 457 regem.]

317 528 527 563 PARDON
559 528 658 564 FOR
692 527 966 563 GRITHMEN
1000 527 1123 562 WHO
1156 527 1296 563 WILL
1329 527 1489 563 FIGHT
1521 527 1626 563 THE
1658 527 1816 563 SCOTS.

479 600 628 635 Romu
653 599 810 643 SconAE,
829 599 874 633 16
891 598 958 633 Ed.
976 598 1047 633 ΠΙ.
1065 599 1135 634 vol.
1154 598 1175 633 i.
1194 610 1227 645 p.
1245 599 1316 633 629
1329 598 1352 633 b
1372 598 1538 643 (Membr.
1559 598 1634 642 12).

67 678 238 707 A.n.1342.
391 667 483 708 Rex
523 667 723 708 omnibus
754 667 816 707 ad·
838 680 958 720 quos,
990 671 1072 707 etc.
1105 667 1302 706 salutem.
1366 666 1518 707 Sciatis
1549 666 1663 720 quod
1693 667 1830 720 assig-

68 732 235 800 Qrithffllelu
302 733 499 772 navimus
524 731 804 786 magnificum
825 732 1064 785 principem
1085 735 1131 771 et
1158 731 1367 770 dilectum
1389 731 1754 785 consanguineum
1788 735 1834 770 et

68 773 220 848 333&
304 795 476 835 fidelem
497 800 694 836 nostrum
710 796 967 835 Edwardum
989 795 1042 835 de
1059 794 1239 834 Balliolo
1260 808 1410 849 regem
1433 794 1589 835 Seociae
1610 795 1663 834 ad
1684 807 1832 833 omnes

68 850 158 918 Ξξῗξζ
167 859 237 926 Ιῗζξ
303 858 498 899 homines
515 863 684 899 vocatos
696 856 923 912 yrithmen
934 859 950 882 2
963 859 1077 912 apud
1095 857 1389 908 Beverlacum,
1403 858 1559 911 Ripon‚
1569 856 1832 911 Tynemuth,

68 928 179 957 doned„
304 921 648 972 Hextildesham‚
670 925 716 962 et
735 922 1004 972 Wederhale,
1027 926 1072 962 et
1102 921 1209 961 alibi
1239 921 1285 960 in
1316 921 1517 962 libertate
1549 922 1834 962 ecclesiastica

302 999 378 1039 pro
399 987 676 1026 immunitate
706 986 871 1026 ibidem
901 987 1070 1026 racione
1091 985 1347 1026 feloniarum
1377 999 1453 1038 per
1484 986 1599 1039 ipsos
1620 985 1832 1024 factarum

301 1051 536 1102 optinenda
557 1051 807 1100 existentes,
829 1051 904 1103 qui
929 1050 983 1089 ad
1005 1050 1148 1102 ipsum
1179 1061 1327 1102 regem
1358 1049 1504 1089 venire
1537 1052 1581 1088 et
1610 1049 1663 1088 ad
1684 1052 1832 1089 custus

302 1127 398 1153 suos
420 1114 608 1166 proprios
629 1127 730 1153 cum
751 1114 843 1167 ipso
865 1114 917 1153 ad
939 1118 1082 1166 partes
1115 1113 1271 1154 Scociae
1292 1114 1337 1152 in
1359 1112 1614 1166 obsequium
1635 1117 1830 1152 nostrum

301 1177 532 1230 profiscisci
552 1178 780 1228 voluerint,
797 1178 961 1217 ibidem
981 1177 1189 1231 quamdiu
1210 1181 1365 1217 nostrae
1386 1177 1596 1230 placuerit
1617 1176 1832 1216 voluntati

301 1242 524 1292 moraturi,
554 1241 608 1282 ad
639 1255 788 1295 pacem
819 1246 1013 1282 nostram
1042 1241 1275 1295 recipiend.
1303 1245 1349 1281 et
1377 1242 1431 1281 ad
1453 1254 1523 1281 eos
1555 1241 1763 1281 arraiand.
1786 1244 1828 1281 et

301 1307 348 1346 in
380 1307 584 1346 comitiva
615 1320 689 1346 sua
720 1306 773 1346 ad
806 1306 978 1346 easdem
1007 1309 1150 1360 partes
1181 1306 1364 1346 ducend.
1398 1309 1443 1346 et
1473 1306 1527 1346 ad
1549 1305 1831 1346 sufficientem

301 1371 579 1410 securitatem
611 1371 664 1410 de
696 1371 757 1410 eis
790 1384 918 1424 super
948 1369 1028 1410 hoc
1059 1370 1253 1424 capiend.
1276 1373 1321 1410 et
1350 1370 1404 1410 ad
1425 1373 1561 1410 cartas
1582 1373 1746 1410 nostras
1777 1370 1830 1409 de

301 1434 611 1486 pardonacione
642 1447 996 1487 quarumcunque
1026 1434 1281 1474 feloniarum
1312 1447 1388 1487 per
1413 1435 1526 1487 ipsos
1548 1437 1649 1473 ante
1670 1433 1831 1474 festum

303 1498 469 1538 Sanctae
510 1498 736 1537 Trinitatis
769 1511 885 1551 prOX.
918 1499 1188 1551 praeteritum
1217 1501 1559 1551 perpetratarum
1579 1498 1652 1537 eis
1685 1501 1831 1537 nostro

300 1562 477 1601 nomine
506 1561 766 1601 concedend.
789 1561 945 1614 quibus
966 1561 1019 1601 ad
1041 1561 1396 1601 certificacionem
1418 1562 1553 1614 ipsius
1574 1561 1687 1614 regis
1708 1561 1830 1600 nobis

300 1640 401 1666 cum
424 1627 654 1666 securitate
675 1626 879 1679 praedicta
899 1626 1058 1666 factam
1081 1630 1216 1666 cartas
1247 1629 1413 1665 nostras
1445 1626 1497 1666 de
1519 1626 1829 1679 pardonacione

300 1690 557 1730 feloniarum
578 1690 879 1743 praedictarum
900 1690 993 1730 fieri
1014 1690 1222 1731 faciemus
1243 1689 1402 1743 absque
1424 1703 1556 1730 mora.

391 1753 444 1793 In
465 1753 603 1806 cujus,
625 1757 708 1793 etc.

389 1818 517 1857 Teste
558 1817 677 1871 Rege
719 1817 833 1870 apud
874 1817 1322 1867 Westmonasterium,
1358 1830 1412 1857 xv
1453 1817 1523 1857 die
1564 1817 1592 1858 J
1595 1817 1686 1858 ulfi.
1747 1816 1829 1857 Per

302 1881 444 1934 ipsum
465 1894 626 1935 regem.

479 2005 787 2041 PRIVILEGES
820 2006 883 2040 OF
916 2006 1019 2040 THE
1053 2005 1383 2041 ARGHBISHOP
1416 2005 1479 2040 OF
1511 2005 1664 2040 YORK.

411 2077 535 2111 Roas
561 2087 605 2111 or·
630 2077 896 2120 Pfflnmfflm,
913 2078 935 2111 3
953 2077 1046 2112 Hen.
1065 2077 1109 2112 V.
1127 2077 1198 2112 vol.
1215 2077 1263 2111 iv.
1281 2088 1314 2123 p.
1333 2078 1379 2111 85
1398 2077 1510 2121 (Roll.
1529 2077 1587 2119 82,
1603 2075 1719 2121 xxv).

66 2164 136 2186 m).
154 2158 239 2187 1415.
392 2152 504 2191 Item
527 2152 746 2205 supplient
767 2152 829 2192 les
846 2151 1119 2201 Communes,
1133 2165 1214 2204 pur
1230 2152 1382 2204 Henry
1398 2150 1635 2204 Archiveqe
1651 2151 1828 2191 d'Euer-

65 2212 230 2280 {groms-
302 2214 410 2268 wyk,
442 2229 525 2268 que
557 2229 676 2255 come
707 2215 747 2254 le
779 2215 871 2268 Roy
901 2215 1106 2254 Adelston
1133 2214 1259 2268 jadys
1290 2215 1382 2267 Roy
1413 2215 1723 2269 d'Engleterre,
1754 2214 1826 2254 de—

65 2261 268 2320 d'Eveqr'ka.
304 2282 436 2318 vaunt
477 2279 515 2318 le
548 2282 768 2331 conquest,
802 2281 969 2331 quaunt
1001 2279 1033 2317 il
1070 2279 1179 2332 prist
1212 2292 1297 2318 une
1332 2279 1483 2332 voiage
1517 2292 1610 2318 vers
1643 2277 1826 2317 l’Escoce

66 2323 226 2368 (Bowet.)
302 2356 383 2396 pur
419 2356 653 2396 conqueret
684 2342 724 2381 la
765 2342 878 2382 droit
910 2342 963 2382 de
1001 2355 1045 2381 sa
1079 2342 1239 2382 Corone
1271 2341 1581 2395 d’Engleterre‚
1621 2342 1827 2394 illoeques

375 2427 429 2471 (l)
457 2427 508 2461 zze.
535 2431 573 2461 to
598 2427 679 2460 lead
705 2427 765 2461 the
791 2427 867 2461 said
892 2438 972 2460 men
998 2426 1136 2472 against
1161 2438 1225 2461 our
1249 2426 1401 2461 enemies
1427 2426 1459 2460 if
1485 2426 1572 2471 they
1600 2437 1759 2472 presume
1787 2430 1827 2460 to

300 2480 429 2514 invade
447 2491 510 2513 our
529 2479 710 2523 kingdom,
728 2480 797 2514 and
817 2485 853 2513 to
869 2479 995 2524 certify
1014 2491 1054 2512 us
1071 2479 1112 2513 of
1132 2479 1193 2513 the
1218 2479 1367 2513 number
1384 2479 1453 2513 and
1471 2490 1590 2512 names
1607 2478 1647 2512 of
1667 2479 1728 2512 the
1745 2489 1826 2512 men
1894 2488 1900 2493 ⁸

300 2537 339 2567 at
359 2544 453 2566 arms
471 2533 506 2566 in
525 2532 585 2566 the
604 2532 761 2577 Liborty.
813 2533 902 2565 Also
920 2536 957 2565 to
976 2532 1149 2566 forewarn
1168 2533 1215 2565 all
1234 2532 1337 2566 other
1355 2543 1433 2565 men
1453 2531 1492 2565 of
1513 2531 1575 2565 the
1601 2531 1750 2576 Liberty
1767 2530 1826 2565 be-

299 2589 415 2618 tween
434 2584 495 2618 the
514 2595 594 2627 ages
611 2583 651 2617 of
672 2584 805 2617 sixteen
832 2584 901 2617 and
927 2584 1036 2629 sixty,
1054 2584 1135 2617 that
1161 2584 1244 2628 they
1264 2595 1336 2617 arm
1357 2583 1568 2617 themselves
1583 2583 1709 2617 within
1726 2583 1825 2617 three

299 2637 388 2681 days
405 2641 442 2670 to
467 2648 512 2681 go
538 2636 572 2669 in
599 2636 669 2669 like
687 2647 833 2670 manner
849 2635 952 2669 when
972 2636 1145 2681 required.
1196 2637 1282 2680 Any
1300 2635 1382 2668 who
1400 2635 1492 2669 rebel
1510 2646 1569 2669 are
1587 2639 1624 2669 to
1641 2635 1685 2669 be
1702 2634 1825 2680 impri-

299 2688 532 2722 soned.-See
558 2687 619 2721 the
645 2688 747 2721 order
772 2687 826 2721 for
851 2687 911 2721 the
938 2687 1088 2721 IIonour
1105 2687 1145 2721 of
1166 2687 1387 2730 Pontefract‚
1405 2687 1476 2721 2:36
1494 2698 1524 2721 a.
1574 2687 1617 2720 In
1642 2687 1703 2721 the
1729 2697 1824 2720 same

299 2741 439 2775 volume
463 2751 521 2773 are
547 2740 680 2773 several
706 2739 807 2773 other
831 2738 937 2773 briess
962 2739 1016 2772 for
1041 2739 1172 2783 raising
1197 2739 1308 2773 forces
1333 2738 1472 2784 against
1494 2739 1555 2772 the
1581 2738 1684 2773 Scots
1706 2742 1770 2772 out
1786 2737 1827 2771 of

300 2790 360 2823 the
379 2790 526 2835 Liberty
545 2791 585 2825 of
607 2790 853 2836 Ripon.—See
871 2790 917 2824 its
935 2791 1057 2825 Index.

373 2844 428 2884 (2)
457 2843 539 2877 Men
557 2842 638 2876 who
662 2842 731 2877 had
758 2842 862 2878 taken
889 2847 1077 2889 sanctuary
1103 2843 1172 2877 and
1199 2842 1365 2878 obtained
1392 2842 1453 2877 the
1476 2842 1573 2886 yre'th
1598 2853 1638 2877 or
1662 2851 1768 2887 peace
1787 2839 1827 2875 of

299 2894 351 2927 St.
375 2894 552 2937 wilfrith,
570 2906 602 2939 pz
623 2895 678 2928 51.
