1955 3068
574 156 800 190 ORIGINAL
836 157 1124 191 DOCUMENTS.

81 270 235 311 catalla
276 267 536 322 ubicumque
579 269 770 319 inventa,
802 269 871 309 die
913 268 1195 309 confeccionis
1236 270 1531 322 praesencium,
1568 270 1610 308 in

82 338 265 390 quodam
307 336 529 389 mesuagio
565 336 610 374 in
647 334 684 375 le
724 333 1131 389 Walkmylnebanke
1161 336 1207 374 in
1240 335 1406 388 Ripon’,
1448 337 1492 375 in
1530 349 1614 388 quo

82 401 303 454 mesuagio
334 399 559 452 praedictos
592 399 766 439 vicarios
799 413 875 452 per
905 404 1066 439 cartam
1099 413 1239 439 meam
1271 399 1405 438 libere
1428 399 1613 439 feoffavi.

82 464 243 503 Ratun]
265 467 311 503 et
331 466 504 517 gratum
526 462 751 502 habiturus
773 463 978 516 quicquid
999 463 1191 516 praedicti
1209 463 1354 502 vicarii
1371 463 1553 502 fecerint
1569 464 1615 502 in

82 527 247 567 catallis
270 531 313 566 et
335 527 457 566 bonis
479 526 706 579 praedietis.
769 527 822 566 In
844 526 966 580 cujus
988 527 1049 566 rei
1071 527 1371 566 testimonium
1392 527 1616 579 praesenti-

82 591 162 631 bus
185 590 377 644 sigillum
398 603 545 629 meum
566 590 758 642 apposui.

171 655 270 694 Dat.
312 653 426 707 apud
474 653 626 706 Ripon’
668 654 736 693 die
779 653 914 693 Lunae
955 667 1071 707 prox.
1113 656 1211 707 post
1260 653 1423 693 festum
1470 653 1616 695 Sancti

82 718 228 759 Jacobi
252 717 460 771 Apostoli,
483 718 606 757 Anno
638 717 815 757 Domini
846 717 1080 757 Millesimo
1112 718 1416 757 trecentesimo
1437 718 1616 771 quadra-

82 783 246 835 gesimo
268 795 394 821 nono.

795 854 911 900 (LX.)

173 919 321 960 Sciant
341 921 574 972 praesentes
597 922 642 958 et
663 918 815 970 futuri,
837 919 951 972 quod
968 933 1046 973 ego
1069 920 1282 959 Henricus
1305 920 1358 960 de
1373 919 1617 973 Plompton,

83 984 265 1023 vicarius
297 982 487 1022 ecclesiae
516 983 752 1036 collegiatae
775 982 941 1036 Ripon',
964 983 1077 1033 dedi,
1100 984 1305 1034 concessi,
1328 986 1372 1023 et
1402 982 1481 1022 hac
1512 996 1619 1035 prae-

85 1047 198 1087 senti
219 1050 334 1086 carta
354 1060 451 1086 mea
473 1046 718 1086 confirmavi
741 1047 768 1087 J
771 1046 930 1086 ohanni
947 1047 998 1087 de
1016 1046 1349 1101 VValkyngham,
1368 1046 1547 1086 Ricardo
1566 1047 1618 1086 de

83 1109 351 1160 NNakefelde,
373 1109 399 1150 J
403 1108 562 1150 ohanni
583 1110 636 1149 de
660 1109 829 1163 Clynte,
852 1110 1033 1150 Ricardo
1055 1111 1108 1150 de
1130 1110 1340 1161 Blaktoft,
1361 1114 1406 1150 et
1429 1110 1455 1150 J
1458 1109 1619 1149 ohanni

84 1175 137 1215 de
161 1175 446 1228 Stayndropp,
468 1174 634 1214 vicariis
667 1174 857 1214 ecclesiae
887 1175 1125 1228 collegiatae
1157 1174 1324 1228 Ripon’,
1346 1178 1490 1214 totum
1511 1174 1621 1213 illud

85 1239 358 1292 mesuagium
391 1251 490 1277 cum
525 1238 612 1277 suis
649 1239 928 1291 pertinenciis
962 1239 1075 1291 quod
1097 1238 1214 1292 jacet
1249 1239 1295 1277 in
1329 1237 1481 1291 Ripon'
1502 1238 1548 1277 in
1580 1238 1619 1277 10

85 1301 413 1352 Bedernbanke,
455 1301 568 1355 quod
611 1301 744 1342 habui
778 1316 829 1341 ex
870 1302 981 1342 dono
1015 1306 1059 1342 et
1093 1303 1363 1342 concessione
1406 1301 1621 1354 quondam

84 1366 279 1406 Paulinae
303 1365 457 1405 VVarde
478 1366 531 1405 de
560 1365 728 1419 Ripon',
753 1365 982 1415 defunctae,
1012 1369 1140 1419 prout
1159 1365 1278 1419 jacet
1308 1367 1423 1406 inter
1450 1379 1620 1405 mesua-

84 1430 206 1484 gium
227 1430 273 1469 in
299 1443 382 1482 quo
413 1427 632 1470 Johannes
664 1429 717 1469 de
750 1429 961 1483 Beuerlay
981 1428 1199 1469 inhabitat
1230 1443 1281 1469 ex
1301 1432 1421 1483 parte
1443 1442 1554 1480 mea,
1577 1432 1623 1469 et

85 1494 358 1547 mesuagium
389 1506 535 1533 meum
568 1493 864 1546 pertinentem
895 1494 1096 1534 cantariae
1127 1493 1273 1533 altaris
1307 1493 1473 1534 Sanctae
1494 1493 1622 1532 trini-

86 1557 190 1596 tatis
211 1557 257 1596 in
279 1556 457 1596 ecclesia
478 1556 631 1609 Ripon’
652 1570 703 1596 ex
724 1559 846 1609 parte
868 1557 1016 1597 altera.
1079 1556 1277 1597 Concessi
1299 1557 1435 1596 eciam
1456 1559 1502 1596 et
1522 1556 1623 1596 dedi

86 1620 302 1673 praedictis
354 1620 381 1660 J
385 1619 557 1670 ohanni,
598 1620 792 1671 Ricardo,
833 1621 860 1661 J
863 1619 1035 1670 ohanni,
1086 1621 1282 1671 Ricardo,
1324 1624 1369 1660 et
1420 1620 1447 1660 J
1450 1619 1623 1669 ohanni,

87 1684 318 1737 quemdam
358 1684 589 1723 annualem
620 1684 841 1723 redditum
872 1687 967 1723 octo
1000 1684 1231 1724 solidorum
1272 1684 1456 1737 argenti,
1487 1684 1624 1737 perci-

88 1747 295 1800 piendum
332 1747 383 1786 de
426 1747 500 1786 illo
541 1750 792 1787 tenemento
834 1750 879 1787 et
918 1747 992 1787 illa
1032 1747 1187 1787 bovata
1227 1750 1353 1787 terrae
1395 1761 1493 1786 cum
1535 1747 1622 1786 suis

87 1811 367 1864 pertinenciis
418 1811 463 1849 in
505 1809 963 1863 Bysshoppthorneton
1013 1811 1066 1850 ad
1108 1812 1314 1851 terminos
1355 1811 1535 1850 Martini
1577 1814 1622 1850 et

88 1875 366 1914 Pentecostes
407 1887 483 1926 per
523 1874 706 1927 aequales
748 1875 983 1927 porciones,
1016 1888 1146 1928 quem
1188 1875 1361 1928 quidem
1392 1874 1623 1914 annualem

89 1938 309 1978 redditum
330 1941 425 1977 octo
447 1938 677 1977 solidorum
700 1939 915 1991 quondam
936 1937 1068 1978 habui
1082 1952 1133 1978 ex
1154 1939 1264 1978 dono
1281 1942 1323 1978 et
1346 1938 1622 1978 feoffamento

89 2001 270 2041 Walteri
304 2001 432 2041 Sutor
465 2001 517 2040 de
552 1999 987 2054 Bisshoppthornton,
1023 2002 1262 2041 tenendum
1297 2005 1342 2041 et
1374 2000 1622 2041 habendum

89 2065 344 2119 praedictum
365 2065 658 2118 messuagium
680 2069 723 2105 et
750 2065 1004 2117 praedictum
1035 2065 1265 2105 annualem
1286 2066 1506 2105 redditum
1527 2069 1622 2104 octo

92 2128 325 2168 solidorum
366 2142 464 2167 cum
508 2128 595 2167 suis
636 2129 915 2181 pertinenciis
946 2129 1162 2182 praedictis
1193 2129 1220 2170 J
1223 2127 1395 2179 ohanni,
1427 2128 1623 2178 Ricardo,

91 2191 293 2240 Johanni,
320 2191 514 2241 Ricardo,
546 2195 591 2231 et
621 2191 647 2232 J
652 2190 823 2242 ohanni,
851 2191 1095 2232 haeredibus
1120 2197 1165 2232 et
1196 2194 1423 2246 assignatis
1447 2193 1549 2242 suis,
1571 2192 1624 2231 li-

92 2256 208 2306 bere,
229 2256 389 2309 quiete,
404 2255 587 2308 integre,
610 2255 732 2306 bene,
756 2256 801 2295 in
822 2269 939 2309 pace,
958 2260 1001 2296 et
1023 2257 1359 2309 imperpetuum,
1377 2257 1429 2296 de
1450 2256 1623 2310 capitali

93 2318 266 2358 domino
287 2318 399 2358 feodi
421 2318 538 2358 illius
560 2332 635 2371 per
657 2320 831 2358 servicia
857 2319 957 2358 inde
980 2320 1126 2359 debita
1147 2323 1192 2359 et
1213 2319 1264 2359 de
1282 2319 1381 2373 jure
1404 2323 1622 2360 consueta.

95 2382 153 2422 Et
182 2395 263 2436 ego
294 2395 393 2422 vero
424 2382 652 2436 praedictus
684 2383 897 2422 Henricus
929 2386 974 2423 et
1003 2381 1194 2423 haeredes
1225 2384 1312 2423 mei
1343 2387 1486 2423 totum
1517 2397 1623 2437 prae-

94 2446 260 2485 dictum
281 2447 549 2499 mesuagium
571 2450 616 2485 et
637 2447 891 2499 praedictum
912 2446 1143 2486 annualem
1168 2447 1387 2487 redditum
1409 2451 1503 2487 octo
1525 2447 1623 2487 soli-

94 2510 247 2549 dorum
268 2523 367 2549 cum
389 2510 476 2549 suis
492 2511 769 2563 pertinenciis
786 2509 974 2563 praefatis
988 2510 1016 2551 J
1018 2509 1191 2561 ohanni,
1209 2511 1402 2560 Ricardo,
1419 2511 1446 2551 J
1449 2509 1622 2560 ohanni,

95 2573 289 2621 Ricardo,
311 2576 352 2613 et
376 2573 403 2614 J
406 2572 578 2624 ohanni,
598 2572 839 2613 haeredibus
862 2577 907 2613 et
927 2575 1155 2628 assignatis
1178 2575 1280 2624 suis,
1297 2578 1347 2614 ut
1368 2575 1622 2627 praedictum

95 2639 174 2686 est,
195 2640 341 2676 contra
361 2650 509 2676 omnes
530 2640 683 2690 gentes
705 2637 1070 2677 warantizabimus
1095 2642 1137 2677 et
1162 2638 1442 2678 defendemus
1464 2638 1622 2690 imper-

95 2703 292 2752 petuum.
353 2701 405 2740 In
426 2700 549 2753 cujus
565 2701 625 2740 rei
642 2701 941 2740 testimonium
955 2700 1056 2741 huic
1072 2703 1274 2755 praesenti
1288 2706 1413 2741 cartae
1431 2702 1621 2755 sigillum

97 2776 243 2802 meum
263 2764 453 2816 apposui.
516 2764 613 2803 Hiis
636 2763 834 2813 testibus,
855 2763 1052 2805 Johanne
1085 2766 1137 2805 de
1171 2763 1400 2814 Shirwode,
1423 2764 1620 2805 Johanne

97 2826 149 2865 de
171 2826 374 2879 Topclyff,
388 2827 415 2867 J
419 2826 585 2867 ohanne
608 2827 660 2866 de
682 2827 901 2878 Tanfelde,
915 2829 1132 2869 Willelmo
1148 2828 1200 2869 de
1220 2829 1410 2877 Scotton‚
1423 2829 1451 2869 J
1454 2827 1620 2868 ohanne

98 2889 151 2929 de
174 2888 388 2942 Morpath‚
408 2894 449 2930 et
472 2890 622 2930 multis
643 2890 747 2932 aliis.

1750 147 1843 192 143

1648 276 1679 305 in
1696 276 1748 304 tho

1648 316 1745 344 above
1758 324 1836 343 mes-

1649 364 1753 389 suagc.
1768 354 1847 392 July

1648 394 1695 431 30,
1717 395 1800 422 1349.

1650 925 1691 954 fo.
1704 925 1759 954 103
1774 934 1805 960 g.
1821 933 1851 953 v.

1654 964 1766 1002 Hem-y
1782 964 1820 992 de

1653 1003 1819 1040 Plompton

1653 1045 1762 1079 grants
1777 1045 1810 1070 to

1654 1082 1708 1110 the
1724 1082 1812 1110 other

1654 1121 1714 1149 five
1731 1121 1837 1149 vicars

1655 1169 1673 1188 a
1691 1168 1852 1195 messuage

1654 1199 1687 1227 in
1704 1199 1839 1227 Bedern-

1655 1238 1739 1267 bank
1747 1237 1853 1266 which

1655 1277 1695 1306 he
1710 1277 1771 1305 had
1786 1277 1830 1314 by

1654 1318 1749 1352 grant
1765 1316 1799 1344 of

1658 1355 1791 1383 Pauline

1655 1393 1779 1429 VVarde,

1656 1433 1816 1468 deceased,

1656 1472 1675 1502 J
1678 1473 1733 1510 uly
1749 1473 1797 1508 29,

1657 1512 1744 1540 1369.

1659 1559 1738 1587 Also
1753 1568 1793 1587 an

1657 1598 1774 1627 annual
1785 1601 1856 1627 rent

1657 1638 1690 1666 of
1708 1638 1751 1666 8⁸.
1766 1642 1821 1666 out

1656 1677 1690 1705 of
1707 1686 1725 1705 a
1741 1676 1837 1704 house

1657 1716 1689 1744 in
1707 1715 1823 1752 Bishop

1656 1754 1828 1783 Thomton.

1657 2772 1842 2802 witnesses.
