1915 3068
78 166 137 212 32

75 299 143 327 dies
158 307 172 326 a
178 307 194 326 n
200 298 220 326 d

76 338 214 366 Alherht

76 378 228 406 succeeds.

77 507 146 529 Am.
161 499 228 528 787.

77 556 190 594 sigred
210 565 278 585 suc-

77 598 165 625 ceeds
180 606 221 624 ou

80 636 176 664 death
194 635 229 664 of

79 675 224 704 Alberht.

80 1076 169 1113 King

80 1116 130 1144 AEt
139 1115 245 1143 helred

80 1155 168 1192 slays
184 1154 283 1182 Eard-

81 1194 167 1226 wulf,
184 1194 254 1223 who

82 1234 212 1262 revives.

84 1879 152 1902 AJ).
170 1873 237 1902 791.

789 175 1064 208 MEMORIALS
1099 175 1157 207 OF
1194 175 1351 207 Rll'ON.

305 289 541 329 astantium
573 286 754 328 fratrum
786 288 1055 342 ergastulum
1086 286 1217 340 hujus
1249 287 1467 326 laboriosae
1499 287 1599 326 vitae
1631 286 1838 336 deseruit,

307 353 551 392 mercedem
586 352 743 406 jubilei
785 352 887 391 anni
929 351 1220 404 percipiendo.
1284 351 1383 404 Ipso
1422 363 1591 403 quoque
1633 350 1838 399 obeunte,

307 416 489 456 Alberht
510 431 586 470 pro
608 430 657 456 eo
678 416 806 456 abbas
828 415 1081 469 praeelectus
1103 419 1148 454 et
1169 418 1382 454 consecrat
1392 428 1441 453 us
1463 417 1543 454 est.

396 481 522 520 Anno
545 491 811 520 DCCLxxxvn
839 479 1025 533 synodus
1056 482 1316 533 congregata
1347 482 1414 518 est
1446 479 1489 517 in
1519 474 1744 517 Winehala
1774 476 1836 530 iiij

307 558 408 584 non.
443 544 724 598 Septembris.
802 544 854 583 In
886 557 970 596 quo
1003 547 1196 596 tempore
1229 541 1410 582 Alberht
1452 542 1580 581 abbas
1613 541 1840 594 Hripensis

309 623 361 648 ex
392 609 550 662 rapidis
588 608 760 648 flatibus
792 607 922 660 hujus
966 606 1108 646 saeculi
1142 607 1343 659 spiritum
1383 607 1529 645 emisit
1570 605 1623 645 ad
1667 619 1840 658 superos

307 677 479 712 aeternae
501 672 721 712 felicitatis
747 672 925 725 jubilos.
986 670 1089 710 Mox
1119 684 1232 722 vero,
1253 671 1396 710 ablato
1426 671 1533 723 ipso,
1557 669 1709 724 Sigred
1730 669 1843 708 ordi-

306 741 436 777 natur
457 751 533 790 pro
555 737 635 777 e0.¹

333 889 632 924 EARDWULF
660 889 917 924 SUPPOSED
950 888 1011 923 TO
1044 889 1108 923 BE
1140 888 1331 923 RAISED
1362 888 1501 923 FROM
1531 888 1635 922 THE
1667 888 1819 922 DEAD.

783 980 933 1015 Ommx.
953 991 1002 1015 DE
1020 981 1208 1024 MAILRos,
1227 993 1262 1025 p.
1285 982 1363 1015 139.

400 1063 525 1101 Anno
557 1071 709 1101 DCCXC.
769 1059 1029 1100 Ethelredus
1062 1060 1165 1099 rex²
1196 1060 1310 1099 filius
1344 1060 1450 1099 Moll
1481 1061 1534 1100 de
1568 1061 1694 1100 exilio
1716 1060 1846 1099 liber-

312 1129 408 1166 atus
431 1129 512 1177 est,
535 1130 579 1165 et
600 1139 735 1179 regno
758 1138 833 1164 suo
855 1125 1101 1164 restitutus.
1164 1124 1247 1172 Qui
1280 1124 1532 1164 Eardulfum
1559 1125 1712 1164 ducem
1733 1125 1848 1176 capi-

312 1205 403 1241 enS‚
441 1195 487 1231 et
526 1191 579 1230 ad
620 1190 781 1242 Ripum
822 1189 1075 1242 producens,
1110 1189 1170 1228 ibi
1208 1203 1309 1228 eum
1343 1189 1499 1228 occidit
1530 1193 1648 1228 extra
1679 1192 1847 1241 portam

313 1255 577 1295 monasterii.
640 1254 793 1293 Delato
835 1257 983 1292 autem
1024 1267 1196 1306 corpore
1250 1253 1386 1306 ipsius
1428 1254 1473 1292 in
1523 1253 1760 1303 ecclesiam,
1803 1256 1849 1291 et

311 1319 596 1373 psallentibus
619 1319 730 1358 circa
751 1331 851 1357 eum
873 1321 918 1358 et
939 1331 1014 1371 pro
1036 1331 1087 1357 eo
1109 1317 1328 1368 fratribus,
1350 1322 1445 1371 post
1468 1318 1654 1357 mediam
1676 1320 1848 1356 noctem

313 1384 435 1423 vivus
457 1384 661 1422 inventus
684 1385 764 1422 est.

519 1516 613 1552 SYM.
632 1516 827 1559 DUNELM.‚
847 1515 943 1549 Hist.
962 1516 1112 1560 Reyum,
1130 1516 1275 1549 Surtees
1293 1514 1372 1550 Soc.
1391 1515 1460 1550 vol.
1480 1515 1516 1549 li.
1535 1527 1569 1561 p.
1588 1516 1644 1549 30.

406 1600 531 1639 Anno
570 1608 709 1639 DCCXC
739 1596 1000 1636 Ethelredus
1037 1596 1090 1636 de
1125 1597 1252 1637 exilio
1283 1597 1488 1637 liberatus
1520 1601 1588 1637 est
1617 1600 1664 1637 et
1687 1597 1847 1636 iterum

317 1678 394 1718 per
429 1663 613 1718 gratiam
646 1661 807 1702 Christi
849 1661 972 1715 regni
1015 1661 1119 1700 solio
1160 1665 1228 1701 est
1269 1662 1600 1702 subtronizatus.
1662 1661 1849 1702 Osredus

317 1733 466 1768 aut-em
497 1741 572 1767 rex
602 1726 698 1766 dolo
732 1739 906 1765 suorum
937 1726 1183 1778 principum
1214 1726 1535 1766 circumventus
1567 1728 1613 1765 et
1633 1728 1782 1778 captus
1804 1738 1851 1764 ac

318 1806 451 1846 regno
482 1791 693 1845 privatus,
725 1793 922 1829 attonsus
965 1792 1033 1829 est
1073 1789 1119 1828 in
1162 1789 1348 1829 Eboraca
1389 1790 1580 1840 civitate,
1621 1792 1667 1829 et
1706 1792 1854 1842 postea

318 1856 576 1896 necessitate
599 1857 769 1893 coactus
793 1853 971 1893 exilium
992 1854 1119 1906 petit.
1182 1853 1313 1906 Cujus
1335 1867 1447 1893 anno
1470 1854 1655 1894 secundo
1676 1852 1858 1893 Eardulf

319 1922 407 1961 dux
423 1922 572 1973 captus
587 1921 668 1969 est,
687 1921 732 1957 et
745 1918 798 1957 ad
812 1917 959 1970 Ripun
975 1917 1379 1971 perductus‚ibique
1394 1918 1526 1957 occidi
1534 1915 1855 1972 jussus(000id‘22

318 1984 383 2025 vel
424 1982 592 2024 occisus
635 1985 709 2032 est,
750 1979 1006 2036 interlined)
1048 1984 1169 2020 extra
1203 1985 1370 2035 portam
1403 1983 1654 2022 monasterii
1689 1996 1714 2021 a
1754 1995 1854 2035 rege

320 2048 511 2103 praefato.
575 2046 707 2099 Cujus
729 2058 881 2098 corpus
904 2045 1059 2085 fratres
1081 2058 1180 2084 cum
1203 2045 1480 2100 Gregorianis
1502 2045 1781 2086 concentibus
1802 2044 1855 2084 ad

321 2112 545 2153 ecclesiam
566 2112 803 2163 portantes,
826 2113 871 2148 et
892 2109 938 2148 in
959 2109 1148 2148 tentorio
1178 2108 1282 2148 foris
1304 2113 1529 2162 ponenteS,
1552 2113 1649 2163 post
1669 2109 1855 2149 mediam

322 2180 496 2216 noctem
519 2175 641 2213 vivus
664 2176 731 2212 est
753 2173 798 2211 in
821 2172 999 2212 ecclesia
1020 2172 1258 2213 inventus.³

324 2299 513 2335 Chronicle
532 2297 652 2342 (Gale,
671 2298 755 2331 Rer.
774 2296 881 2341 Anyl.
901 2295 1026 2341 Scy-ipe.
1053 2295 1074 2329 i.
1102 2307 1134 2341 p.
1163 2296 1262 2341 139),
1288 2296 1323 2330 in
1349 2297 1430 2331 786.
1480 2298 1610 2332 ‘Anno
1628 2306 1855 2340 Dccnxxxvx,

325 2352 538 2388 Bothwinus
578 2349 785 2385 venerabilis
818 2347 943 2383 Abbas
977 2348 1139 2394 Ripensis
1178 2348 1283 2383 beato
1317 2349 1385 2384 fine
1418 2350 1564 2396 quievit,
1597 2350 1654 2384 cui
1686 2349 1857 2384 successit

327 2404 519 2441 Albertus!

400 2458 456 2503 (1)
485 2455 658 2490 Albertus
683 2453 807 2488 Abbas
832 2452 999 2499 Ripensis
1024 2453 1195 2498 migravit
1220 2454 1267 2488 ad
1291 2453 1488 2499 Christum,
1513 2466 1578 2501 pro
1593 2465 1663 2500 quo
1689 2454 1857 2500 Sigredus

326 2510 512 2545 ordinatus
528 2513 641 2542 est.—
651 2507 776 2541 Chron.
795 2507 836 2540 de
854 2505 1015 2548 Mauros,
1033 2518 1067 2552 p,
1089 2507 1166 2540 139.

400 2562 456 2606 (2)
483 2560 532 2594 Of
563 2557 831 2594 Nox-thumbria.
889 2557 943 2592 On
971 2557 1025 2592 his
1052 2558 1250 2604 expulsion,
1275 2570 1330 2592 see
1355 2559 1554 2593 Freeman's
1579 2560 1741 2594 Normcm
1771 2559 1859 2593 Con-

326 2619 433 2661 quest,
450 2613 472 2647 i.
491 2613 585 2647 Note
604 2611 647 2646 R.

400 2668 458 2711 (3)
486 2665 581 2700 Note
606 2663 687 2697 that
721 2662 783 2697 the
816 2662 968 2696 Meirose
1000 2662 1198 2697 chronicler
1227 2663 1354 2698 relates
1387 2664 1462 2698 this
1494 2675 1532 2698 as
1566 2675 1586 2697 a
1612 2663 1767 2706 miracle,
1792 2663 1856 2697 but
1912 2683 1913 2686 =

327 2720 483 2765 Symeon
510 2717 593 2751 does
617 2719 691 2749 not.
743 2714 937 2749 Eardwulf
960 2714 1031 2748 had
1059 2715 1209 2760 perhaps
1235 2714 1321 2749 been
1349 2716 1512 2750 stunned.
1562 2715 1752 2750 AEtheh·ed
1784 2725 1858 2748 was

326 2772 416 2806 slain
433 2771 469 2804 in
487 2769 569 2811 794,
588 2768 656 2802 and
674 2767 747 2801 this
765 2765 962 2809 Eardwulf,
980 2766 1042 2800 the
1061 2778 1123 2800 son
1142 2767 1182 2801 of
1205 2767 1369 2810 Ean-uulf,
1387 2770 1397 2786 ‘
1411 2768 1483 2813 qui,
1501 2772 1542 2801 ut
1567 2779 1672 2814 supra
1691 2767 1857 2810 diximus,

327 2827 408 2870 post
425 2821 636 2856 occisionem
653 2819 804 2861 revixit,'
820 2830 894 2852 was
912 2818 1062 2852 recalled
1082 2819 1173 2853 from
1191 2820 1280 2853 exile
1299 2820 1368 2853 and
1386 2820 1488 2854 made
1506 2820 1600 2865 king.
1653 2820 1800 2864 (claron.
1819 2820 1858 2852 de
1912 2823 1915 2827 '

330 2875 505 2959 plagali).
527 2874 662 2967 {13ng
677 2871 830 2917 Symeon
849 2882 930 2916 says
957 2881 1028 2905 A.1).
1054 2871 1123 2906 796
1152 2872 1203 2918 (p.
1231 2872 1309 2918 33),
1326 2872 1397 2907 and
1414 2872 1501 2906 calls
1527 2871 1720 2906 Eardwulf
1740 2871 1856 2906 ‘filius

346 2926 401 2959 ‘Iar
430 2924 509 2958 ufi’
548 2935 579 2970 p.
668 2949 674 2957 .
