1935 3151
54 144 146 189 162
735 164 740 169 ·
779 155 1054 188 MEMORIALS
1091 156 1148 189 or
1185 155 1343 189 mpox.

286 268 397 308 sicut
438 269 691 322 praedictum
728 271 808 319 est,
845 271 993 307 tenore
1034 269 1329 322 praesencium,
1362 268 1560 308 similiter
1595 268 1817 308 licenciam

50 343 176 373 Statute
188 345 225 390 pf
285 333 483 373 dedimus
508 334 748 387 specialem,
772 336 937 373 statuto
967 333 1020 373 de
1042 334 1168 374 terris
1199 337 1244 373 et
1274 333 1535 373 tenementis
1565 333 1618 373 ad
1640 346 1818 373 manum

48 389 219 452 ,Ἷᾏῗξξζᾞζω
283 401 498 437 mortuam
540 412 625 438 non
667 397 877 451 ponendis
919 397 1035 437 edito
1076 411 1162 438 non
1193 398 1421 446 obstante;
1465 396 1663 437 nolentes
1703 397 1817 450 quod

47 463 209 501 standing.
281 461 511 514 praedictus
545 462 683 502 David
718 461 786 500 vel
821 459 1013 501 haeredes
1049 462 1129 513 sui,
1159 464 1236 501 aut
1270 461 1436 515 praefati
1464 460 1707 514 capellanus
1742 474 1817 501 seu

279 526 536 578 capitulum,
559 526 627 565 vel
651 539 912 565 successores
936 526 1003 564 sui
1023 526 1233 578 praedicti,
1253 526 1423 565 racione
1447 526 1600 565 statuti
1621 525 1816 578 praedicti

279 589 346 629 vel
383 589 564 629 aliorum
601 589 932 643 praemissorum,
963 603 1038 642 per
1070 603 1147 630 nos
1183 590 1250 630 vel
1283 589 1475 630 haeredes
1506 592 1673 629 nostros
1714 589 1815 629 inde

278 655 603 694 occasionentur
624 655 670 693 in
691 654 834 708 aliquo
857 667 933 693 seu
954 658 1201 707 graventur,
1226 655 1351 694 salvis
1384 657 1531 694 tamen
1559 653 1816 707 capitalibus

277 719 463 758 dominis
485 718 598 758 feodi
620 717 739 758 illius
762 718 950 758 serviciis
972 718 1073 758 inde
1095 718 1252 759 debitis
1271 722 1316 758 et
1336 718 1564 758 consuetis.
1626 717 1679 757 In
1692 716 1816 771 cujus

277 783 338 822 rei
378 783 697 832 testimonium,
738 781 815 822 has
857 782 1006 822 literas
1048 787 1214 823 nostras
1249 783 1343 822 fieri
1383 782 1563 822 fecimus
1603 785 1816 836 patentes,

44 858 187 887 N0v.15,
277 847 405 886 Teste
438 860 508 886 me
537 847 630 900 ipso
663 847 778 900 apud
808 847 1255 897 Westmonasterium,
1287 847 1607 900 quintodecimo
1631 846 1701 886 die
1729 846 1817 885 No-

278 911 479 961 vembris,
501 911 626 951 Anno
642 911 765 965 regni
786 911 922 950 nostri
943 911 1272 965 quadragesimo
1295 911 1494 951 secundo.

366 975 449 1015 Per
470 975 598 1015 breve
620 974 673 1015 de
696 975 862 1028 privato
885 974 1387 1029 sigillo.--CODYNGTON.

319 1127 493 1161 LXXIX.
530 1126 858 1160 FOUNDATION
892 1127 955 1161 OF
990 1127 1094 1161 THE
1128 1127 1374 1162 OHANTRY
1408 1127 1470 1161 OF
1503 1126 1570 1161 ST.
1606 1126 1780 1161 JAMES.

813 1205 956 1249 (RrpoN
983 1205 1168 1240 OHAPTER
1192 1206 1287 1247 MS.)

851 1285 952 1329 (Five,
970 1298 1009 1320 ον
1025 1287 1079 1320 sia·
1102 1287 1245 1332 letters.)

45 1384 110 1404 μ).
129 1375 211 1403 1407.
367 1363 588 1403 Universis
609 1366 650 1402 et
667 1362 849 1416 singulis
867 1361 1026 1403 Christi
1042 1363 1242 1403 fidelibus
1260 1362 1368 1403 hanc
1384 1363 1635 1416 bipartitam
1652 1367 1814 1403 cartam

47 1430 241 1477 wilLCb-nt
279 1428 550 1468 indentatam
580 1427 734 1466 visuris
767 1426 835 1466 vel
867 1427 1093 1476 audituris,
1116 1427 1362 1467 Willelmus
1386 1426 1528 1480 Clynt,
1551 1427 1747 1477 clericus,
1770 1431 1815 1466 et

46 1470 212 1541 311111311ζὲ
279 1490 523 1531 Willelmus
553 1491 605 1530 de
632 1491 770 1530 Ledes
802 1491 854 1530 de
886 1491 1053 1544 Ripon’,
1087 1491 1270 1531 salutem
1301 1492 1346 1531 in
1380 1492 1442 1531 Eo
1474 1491 1613 1539 Quem
1647 1492 1816 1544 peperit

45 1550 203 1577 ‘Qud‘w-
279 1556 411 1609 Virgo
432 1555 584 1595 Maria.
616 1555 770 1594 Vestra
790 1555 958 1594 noviter
979 1556 1235 1595 universitas
1251 1569 1327 1595 nos
1348 1556 1400 1595 ad
1415 1555 1612 1609 gloriam,
1626 1555 1815 1605 laudem,

280 1624 321 1659 et
355 1618 560 1658 honorem
596 1618 763 1659 Sanctae
798 1621 842 1658 et
874 1619 1113 1659 Individuae
1147 1620 1386 1670 Trinitatis,
1420 1633 1467 1659 ac
1498 1619 1814 1674 gloriosissimae

281 1683 472 1737 Virginis
507 1683 649 1722 Beatae
675 1680 910 1735 (Marioe)¹
936 1683 1089 1723 Matris
1120 1683 1296 1723 Domini
1327 1684 1461 1723 nostri
1484 1683 1616 1723 Ihesu
1639 1682 1814 1732 Christi,

283 1748 574 1800 Omniumque
604 1746 858 1787 Sanctorum
892 1747 986 1797 Dei,
1016 1748 1061 1786 in
1093 1748 1241 1787 Divini
1274 1748 1418 1788 cultus
1452 1751 1737 1803 augmentum
1770 1751 1815 1787 et

283 1814 524 1850 nostrorum
546 1824 593 1850 ac
614 1810 795 1850 aliorum
819 1809 977 1851 Christi
999 1810 1195 1851 fidelium
1217 1812 1513 1852 remissionem
1527 1814 1815 1866 peccatorum,

283 1875 500 1926 fundasse,
527 1874 757 1924 ordinasse,
790 1878 835 1914 et
866 1888 1029 1915 creasse
1060 1889 1136 1928 pro
1166 1879 1375 1929 perpetuo
1406 1879 1450 1915 et
1481 1877 1816 1929 imperpetuum,

285 1953 416 1979 unam
441 1941 695 1992 perpetuam
727 1939 963 1978 cantariam
986 1940 1117 1979 unius
1138 1940 1295 1993 ydonei
1325 1940 1534 1993 capellani
1567 1943 1611 1979 et
1642 1954 1816 1980 suorum

53 2021 147 2048 Altar
161 2020 194 2048 of
285 2017 575 2043 successorum
607 2003 660 2043 ad
682 2003 816 2043 altare
837 2004 882 2042 in
913 2001 1071 2043 honore
1104 2003 1249 2044 Sancti
1281 2004 1429 2044 Jacobi
1460 2005 1504 2043 in
1537 2004 1714 2044 ecclesia
1733 2004 1818 2044 col-

53 2058 98 2088 31·
115 2059 230 2089 sames.
284 2068 444 2121 legiata
477 2066 623 2107 Sancti
657 2067 777 2106 Petri
817 2067 871 2107 de
913 2067 1078 2120 Ripon’,
1115 2068 1254 2119 modo,
1295 2068 1445 2118 forma,
1488 2071 1533 2108 et
1572 2068 1817 2108 condicione

287 2131 603 2184 suprascriptiS,
622 2130 675 2170 de
692 2130 874 2170 licencia
896 2131 1067 2184 speciali
1085 2132 1434 2172 excellentissimi
1450 2133 1495 2171 in
1514 2130 1682 2173 Christo
1698 2132 1816 2185 prin-

55 2209 182 2237 Liconee
198 2208 231 2236 of
288 2196 393 2248 cipis
413 2209 461 2235 ac
483 2194 647 2235 domini
669 2195 819 2245 nostri,
842 2195 1006 2236 domini
1028 2196 1220 2244 Henrici,
1236 2196 1351 2250 regis
1373 2196 1539 2249 Angliae
1561 2199 1606 2236 et
1627 2196 1817 2236 Franciae

57 2247 240 2324 {gfff-‘'dl'‘
289 2263 334 2299 et
355 2258 519 2298 domini
541 2257 760 2298 Hiberniae
782 2259 923 2312 quarti
944 2262 1042 2312 post
1062 2263 1356 2313 conquaestum
1370 2259 1551 2313 Angliae,
1567 2273 1679 2300 anno
1695 2259 1817 2314 regni

58 2326 100 2355 H·
117 2327 158 2354 iv.
177 2335 244 2361 νηΐ-ν’
291 2323 356 2362 3111
377 2335 503 2373 nono,
525 2335 601 2375 pro
622 2322 713 2375 ipsa
725 2322 913 2362 cantaria
925 2326 1103 2376 optenta
1119 2337 1194 2376 pro
1207 2323 1432 2363 animabus
1449 2323 1625 2363 Roberti
1639 2323 1818 2364 Halom-

59 2367 141 2402 1,m.
157 2365 223 2401 33²³
291 2385 429 2427 schire
460 2390 505 2426 et
536 2385 744 2426 Johannae
776 2387 918 2427 uxoris
951 2401 1050 2436 suae,
1074 2390 1118 2427 et
1148 2401 1222 2441 pro
1244 2387 1401 2427 salubri
1426 2390 1542 2427 statu
1564 2387 1818 2428 venerabilis

292 2451 370 2490 viri
402 2451 602 2504 Magistri
622 2450 835 2490 -Willelmi
864 2450 1026 2501 Cawod,
1048 2452 1239 2492 canonici
1271 2451 1457 2492 ecclesiae
1489 2451 1641 2504 Ripon'
1673 2464 1820 2504 supra·

292 2516 417 2555 dictae
439 2515 541 2555 dum
560 2515 728 2563 vixerit,
747 2518 792 2554 et
813 2529 886 2568 pro
907 2517 1050 2556 anima
1071 2516 1263 2569 ejusdem
1287 2517 1482 2570 magistri
1500 2515 1707 2556 willelmi
1721 2529 1820 2555 cum

293 2579 344 2619 ab
366 2578 443 2618 hac
473 2579 565 2618 luce
589 2579 851 2632 migraverit,
873 2593 920 2618 ac
944 2594 1017 2633 pro
1044 2581 1268 2621 animabus
1290 2581 1317 2621 J
1321 2579 1498 2620 ohannis
1520 2579 1574 2619 de
1597 2579 1755 2619 Heton’
1777 2583 1822 2618 et

294 2644 549 2698 Margaret-de
571 2643 712 2682 uxoris
736 2657 835 2691 suae,
858 2642 1066 2684 Johannis
1088 2645 1140 2685 de
1164 2645 1307 2685 Grene
1330 2647 1374 2684 et
1395 2644 1602 2684 Elienorae
1616 2643 1822 2682 consortis

296 2721 395 2757 suae,
419 2707 595 2746 Roberti
617 2707 670 2746 de
693 2706 836 2747 Grene
859 2707 936 2746 filii
959 2709 1190 2748 eorundem
1214 2708 1242 2749 J
1244 2707 1423 2748 ohannis
1456 2710 1499 2747 et
1530 2707 1752 2755 Elienorae,
1774 2720 1820 2746 ac

296 2783 368 2824 pro
399 2772 543 2810 anima
576 2770 718 2809 Aliciae
741 2770 932 2820 Warner,
963 2772 1111 2810 sororis
1142 2773 1267 2812 diotae
1299 2771 1521 2821 Elienorae,
1543 2771 1820 2823 omniumque

296 2834 610 2874 benefa0†01·11m
638 2833 827 2886 ejusdem
853 2836 1066 2883 cantat-ize,
1088 2849 1135 2874 ac
1160 2836 1351 2875 fidolium
1373 2834 1672 2875 defunctorum
1695 2837 1820 2874 caete-

888 2911 943 2956 (l)
975 2913 1177 2948 lutei-lined.
