1935 3151
481 161 863 195 MISCELLANEOUS
899 160 1189 195 DOCUMENTS.

77 275 304 316 bendarius
354 275 408 315 de
460 274 645 325 Sharow,
697 289 772 328 per
823 274 1048 314 dominum
1098 273 1308 315 Thomam
1351 276 1610 329 Blackberry

73 341 350 380 cantaristam
372 340 548 390 ibidem,
570 343 886 393 procuratorem
908 352 1035 379 suum
1056 339 1292 380 literatorie
1308 341 1611 392 constitutum,

76 406 121 443 et
163 404 377 444 Antonius
420 403 559 455 Coole,
591 403 909 457 praebendarius
951 403 1004 442 de
1045 403 1274 454 Monkton,
1306 417 1382 457 per
1423 405 1610 444 eundem

77 467 286 508 Thomam
320 467 577 522 Blackberry
614 471 932 521 procuratorem
969 481 1097 507 suum
1130 471 1181 508 ut
1217 481 1345 521 supra
1377 468 1612 508 literatorie

77 533 380 582 constitutum,
413 533 558 572 caeteri
589 546 688 572 vero
718 532 961 571 cantaristae
993 536 1039 572 et
1070 533 1217 572 vicarii
1248 531 1436 573 chorales
1469 537 1511 573 et
1547 534 1614 572 in-

77 596 250 636 feriores
273 597 461 636 ministri
483 596 763 650 personaliter
784 600 1080 649 comparentes
1111 597 1157 636 in
1179 597 1306 637 domo
1329 601 1475 636 nostra
1497 598 1613 650 capi-

79 660 210 700 tulari
260 659 362 700 hora
412 661 636 714 capitulari
687 664 892 700 consueta
941 660 995 699 ad
1035 659 1241 700 effectum
1292 660 1614 714 infrascriptum

78 725 340 778 congregati,
372 728 418 764 et
448 724 688 778 capitulum
718 725 834 764 inter
864 738 940 765 nos
972 724 1193 775 facientes,
1216 729 1478 778 exponentes
1510 729 1615 765 tunc

79 789 243 829 ibidem
263 789 377 842 quod
399 790 444 828 in
467 789 646 829 ecclesia
667 793 813 829 nostra
842 789 1046 843 praedicta
1077 793 1181 829 sunt
1201 790 1399 830 nonnulli
1421 790 1615 830 defectus

79 856 125 893 et
144 853 422 894 ruinositates
444 858 617 907 apertae,
633 857 725 894 tam
745 853 996 907 campanilis
1018 867 1147 907 quam
1161 855 1273 894 muri
1291 854 1447 908 lapidei
1464 855 1616 894 insulae

80 917 263 958 borealis
297 917 492 970 ejusdem
522 918 726 969 ecclesiae,
763 919 837 971 qui
872 918 1189 971 irrumpuntur,
1222 922 1267 958 et
1305 919 1359 958 de
1393 919 1618 959 verisimili

79 981 237 1021 cadent
257 982 302 1021 in
325 985 485 1022 terram
507 983 591 1022 nisi
613 983 742 1022 citius
764 986 1025 1035 oportunum
1047 983 1093 1022 in
1114 981 1194 1022 hac
1225 987 1346 1036 parte
1377 984 1618 1023 remedium

81 1046 368 1099 provideatur.
430 1046 513 1094 Qui
555 1046 729 1100 quidem
770 1045 963 1086 defectus
1004 1046 1165 1100 absque
1218 1060 1374 1100 magna
1423 1047 1618 1101 pecuniae

83 1123 252 1150 summa
272 1110 325 1150 ad
345 1112 642 1151 oneraeionem
663 1110 925 1150 confratrum
946 1114 1191 1151 nostrorum
1213 1114 1258 1151 et
1270 1111 1451 1151 aliorum
1467 1111 1619 1150 minis-

82 1179 249 1214 trorum
281 1174 477 1229 ejusdem
508 1175 696 1216 ecclesiae
718 1175 904 1228 reparari
935 1189 1022 1215 non
1052 1179 1247 1229 possunt.
1310 1175 1452 1227 Unde,
1473 1174 1621 1216 habita

82 1239 199 1279 inter
219 1253 296 1279 nos
329 1240 382 1280 de
415 1243 461 1280 et
490 1254 616 1293 super
645 1240 888 1293 praemissis‚
911 1243 956 1279 et
983 1241 1211 1293 quomodo,
1233 1241 1433 1294 qualiter,
1456 1244 1501 1280 et
1522 1254 1620 1280 cum

81 1303 240 1357 quibus
262 1307 385 1344 tanta
407 1318 575 1344 summa
596 1305 789 1358 pecuniae
811 1304 942 1344 levari
964 1305 1124 1357 poterit
1145 1305 1349 1359 diligenti
1371 1309 1415 1344 et
1440 1304 1620 1344 solemni

82 1372 285 1418 tractatu,
307 1369 484 1409 demum
512 1369 714 1422 praefatus
736 1369 992 1409 venerabilis
1013 1369 1227 1409 confrater
1257 1373 1403 1410 noster
1434 1370 1622 1409 Marma-

81 1432 217 1473 ducus
254 1433 450 1487 Brodley,
484 1434 713 1474 advertens
743 1433 1069 1487 percipiensque
1111 1433 1225 1486 quod
1258 1434 1381 1487 pium
1422 1438 1536 1474 esset
1577 1436 1621 1473 et

83 1497 353 1537 meritorium
375 1497 625 1551 hujusmodi
648 1501 847 1551 sumptus
881 1500 925 1538 et
947 1511 1075 1537 onera
1095 1498 1308 1548 alleviare,
1332 1501 1377 1538 et
1398 1498 1621 1537 canonicos

83 1564 131 1601 et
175 1564 350 1602 caeteros
390 1563 612 1602 ministros
664 1561 858 1616 ejusdem
899 1562 1086 1602 ecclesiae
1128 1566 1340 1615 quantum
1381 1563 1427 1601 in
1470 1576 1513 1602 se
1557 1566 1622 1602 est

85 1638 329 1677 exonerare,
358 1640 410 1666 ex
446 1640 522 1666 suo
555 1640 673 1666 mero
699 1630 821 1666 motu
855 1630 899 1665 et
938 1630 1173 1679 spontanea
1198 1625 1420 1666 voluntate
1450 1625 1543 1666 vult
1579 1630 1624 1665 et

85 1690 298 1740 concedit,
321 1690 434 1744 quod
455 1694 548 1730 tota
567 1690 816 1730 devidentia
839 1691 926 1729 suis
959 1720 968 1730 .
1003 1720 1013 1730 .
1047 1720 1057 1731 .
1089 1691 1284 1743 pecuniae
1306 1704 1357 1730 ex
1378 1690 1624 1730 communia

87 1753 274 1793 ecclesiae
308 1757 463 1794 nostrae
494 1754 731 1808 collegiatae
767 1754 1021 1807 proveniens
1057 1767 1152 1807 quae
1190 1754 1299 1794 solet*
1332 1755 1413 1795 sibi
1447 1758 1493 1794 et
1528 1754 1623 1794 aliis

86 1817 396 1858 residentiariis
419 1818 614 1872 ejusdem
636 1818 823 1858 ecclesiae
838 1831 912 1871 pro
930 1818 1164 1858 canonicali
1182 1819 1415 1858 residentia
1428 1818 1624 1858 facienda

85 1882 198 1922 tradi
220 1886 267 1923 et
287 1883 484 1936 persolvi,
507 1886 685 1936 excepta
707 1896 874 1922 summa
895 1882 1086 1936 quinque
1118 1882 1324 1922 librarum
1355 1884 1548 1936 pecuniae
1570 1883 1622 1922 de

85 1945 334 2001 hujusmodi
370 1949 615 1989 communia
648 1948 728 1988 sibi
760 1949 806 1987 in
837 1947 948 1987 festo
983 1947 1129 1988 Sancti
1165 1948 1300 1988 Marci
1334 1948 1623 2003 Evangelistae

87 2025 200 2064 prox.
226 2011 374 2052 futuro
404 2013 488 2052 isto
519 2013 721 2066 praesenti
751 2025 864 2052 anno
894 2010 1077 2051 antehac
1109 2012 1224 2052 dicto
1256 2011 1404 2052 habita
1436 2017 1482 2053 et
1511 2012 1624 2052 facta

86 2089 162 2129 pro
182 2074 260 2115 hac
282 2077 374 2116 vice
391 2079 564 2116 tantum
587 2080 632 2116 et
653 2089 739 2115 non
756 2075 898 2125 aliter,
912 2089 988 2128 pro
1010 2075 1148 2129 spacio
1170 2076 1257 2115 sive
1279 2076 1467 2115 termino
1488 2075 1623 2114 trium

86 2153 297 2179 annorum
319 2143 477 2180 extunc
497 2140 689 2194 proxime
713 2143 758 2180 et
778 2140 1029 2180 immediate
1052 2140 1344 2193 sequentium,
1361 2140 1406 2179 in
1428 2153 1555 2179 usum
1579 2141 1625 2179 et

87 2202 290 2243 fabricam
310 2207 355 2244 et
375 2205 693 2257 reparacionem
715 2204 1122 2257 praenominatorum
1144 2204 1395 2244 defectuum
1417 2207 1462 2243 et
1478 2204 1625 2243 ruino-

88 2267 283 2319 sitatum,
323 2282 372 2308 ac
412 2268 518 2308 alias
560 2269 852 2322 reparaciones
893 2268 1035 2308 eidem
1077 2268 1266 2308 ecclesiae
1306 2268 1623 2317 incumbentes,

90 2332 215 2372 modo
233 2362 243 2372 .
267 2362 278 2373 .
301 2361 312 2372 .
334 2333 458 2373 cedat.
480 2336 525 2373 et
546 2333 788 2386 applicetur
808 2345 882 2385 per
899 2333 1040 2372 visum
1063 2336 1107 2372 et
1128 2332 1434 2372 discrecionem
1456 2331 1623 2385 praefati

89 2396 356 2437 Marmaduci
377 2397 587 2450 Brodeley
609 2402 653 2437 et
675 2395 879 2436 Richardi
902 2397 1075 2446 Deane3
1107 2397 1274 2451 proviso
1296 2397 1484 2447 omnino,
1508 2397 1622 2450 quod

90 2461 126 2500 si
166 2461 283 2501 idem
325 2462 632 2502 Marmaducus
668 2459 845 2514 posthac
886 2461 954 2501 vel
995 2461 1173 2501 interim
1209 2460 1459 2515 hujusmodi
1502 2475 1623 2500 suam

88 2525 369 2565 residenciam
390 2526 680 2565 canonicalem
702 2526 890 2578 incipere
912 2538 960 2564 ac
991 2524 1189 2565 inchoare
1213 2529 1259 2565 et
1279 2525 1481 2578 perficere
1504 2525 1621 2575 velit,

86 2587 132 2628 id
156 2588 344 2629 libenter
373 2589 504 2629 faciet
539 2592 585 2629 et
617 2589 671 2629 ad
706 2602 832 2628 suum
868 2588 1045 2629 libitum
1081 2589 1298 2629 exercebit
1334 2589 1425 2628 sine
1455 2592 1620 2628 contra-

60 2651 278 2693 —diccione
311 2653 380 2693 vel
417 2653 692 2693 excusacione
727 2652 983 2692 canonicalis
1019 2653 1336 2706 impedimenti,
1370 2652 1435 2692 uti
1468 2653 1513 2692 in
1546 2666 1621 2692 suo

89 2716 269 2768 pristino
293 2720 423 2767 statu,
443 2717 646 2770 praesenti
673 2719 773 2756 actu
794 2720 840 2756 et
869 2717 1154 2767 concessione,
1177 2717 1431 2769 caeterisque
1453 2716 1496 2755 in
1519 2730 1621 2757 con-

89 2780 269 2820 trarium
289 2781 630 2834 quibuscumque
652 2781 699 2820 in
719 2780 864 2833 aliquo
885 2794 972 2820 non
993 2781 1205 2821 obstante.

178 2843 341 2891 Quibus
362 2846 559 2898 peractis,
573 2859 649 2885 nos
672 2844 918 2898 Capitulum
932 2845 1202 2885 antedictum
1224 2845 1382 2884 nostris
1406 2845 1620 2885 unanimis

91 2919 299 2948 consensu
332 2910 492 2962 pariter
534 2914 575 2949 et
618 2922 795 2949 assensu
836 2909 1033 2949 volumus
1078 2912 1122 2949 et
1163 2909 1438 2948 concedimus
1479 2909 1618 2950 eidem

839 2984 865 3011 x

1749 154 1773 198 :3‘
1781 154 1808 199 0
1814 170 1840 198 υ

1650 797 1716 827 The
1731 797 1831 826 fabric

1650 838 1744 867 much
1762 839 1818 864 out

1652 877 1686 906 of
1698 877 1812 915 repair-

1657 1380 1794 1418 Bradley

1657 1429 1801 1457 proposes
1823 1423 1855 1447 fo

1655 1460 1728 1495 give
1742 1469 1785 1496 up
1806 1460 1855 1487 his

1656 1500 1817 1535 dividend,

1657 1902 1771 1930 exceut
1786 1898 1826 1927 51.

1656 2852 1701 2881 As
1716 2861 1734 2882 a
1749 2862 1795 2882 re-

1655 2902 1817 2930 compenso
