1955 3068
53 172 148 218 130

51 762 118 784 Am.
136 757 222 786 1437.

51 795 92 823 fo.
112 796 165 823 103
181 805 208 824 a.

50 850 127 880 Obit
141 852 175 880 of
196 852 246 881 W.

51 889 240 921 Walthewe.

49 1132 232 1171 Payments.

48 1263 141 1293 Nota.

42 1839 145 1868 Absen
151 1841 213 1869 tees

42 1883 96 1907 not
113 1882 144 1907 to
160 1879 196 1908 be

42 1918 126 1955 paid.

44 2218 199 2249 Indcnted

42 2260 116 2287 will.

44 2592 190 2621 Witnmffl
202 2603 225 2622 s.

47 2728 114 2756 Ful».
135 2731 177 2756 145.

772 189 1047 223 MEMORIALS
1082 189 1140 223 OF
1177 189 1334 223 RIPON.

312 458 529 493 PORTION
563 459 626 493 OF
659 461 695 493 A
730 460 983 495 REGISTER
1015 461 1079 495 OF
1113 459 1400 495 EVIDENCES
1435 460 1697 494 RELATING
1731 461 1792 495 TO

428 522 579 567 OBITS,
605 523 777 558 BOUND
808 524 864 558 IN
895 524 1034 559 WITH
1058 524 1162 559 THE
1191 524 1318 560 AOTS
1343 523 1405 558 OF
1430 523 1680 560 OHAPTER.

882 609 938 645 Ff.
959 611 1027 645 103
1045 610 1222 657 a—lossj.

964 684 1135 731 (XLIV.)

375 777 385 787 .
419 777 429 787 .
464 777 474 787 .
505 749 734 800 quemdam
768 749 999 789 annualem
1026 750 1194 790 obitum
1220 750 1485 803 solempnem
1506 763 1605 790 cum
1635 753 1738 790 nota
1767 751 1814 790 in

284 810 409 851 choro
431 812 555 852 dictae
573 813 760 852 ecclesiae
781 813 1019 867 collegiatae
1036 814 1203 867 Ripon'‚
1217 814 1286 854 die
1303 814 1445 854 obitus
1460 814 1670 854 Willelmi
1683 814 1816 853 Wan-

283 873 422 915 thewe
445 876 497 915 de
519 875 687 929 Ripon’,
710 877 901 926 senioris,
922 877 1055 930 patris
1076 878 1290 917 dictorum
1310 877 1519 917 Willelmi
1540 881 1585 917 et
1605 878 1633 918 J
1635 877 1815 918 ohannis

282 938 533 988 VValthewe,
565 953 640 992 pro
669 940 893 980 animabus
924 941 1029 980 dicti
1060 941 1266 981 Willelmi
1291 940 1527 981 VValthewe
1554 942 1744 991 senioris,
1766 955 1815 981 ac

282 1003 424 1042 anima
437 1003 650 1056 praedictae
664 1003 830 1053 Isoldae,
845 1007 890 1043 et
905 1004 1127 1044 animabus
1144 1000 1445 1058 praedictorum
1457 1004 1665 1044 Willelmj
1679 1008 1724 1044 et
1740 1005 1767 1045 J
1770 1019 1815 1045 o-

281 1065 435 1106 hannis
452 1066 703 1115 NValthewe,
724 1071 968 1120 parentum,
987 1068 1323 1118 benefactorum,
1339 1072 1384 1108 et
1405 1069 1598 1108 omnium
1618 1068 1812 1108 fidelium

281 1130 595 1179 defunctorum,
613 1132 828 1183 campanis
845 1131 1038 1184 pulsatis.
1090 1133 1159 1172 Ita
1175 1132 1288 1185 quod
1304 1133 1408 1171 dicti
1424 1132 1569 1171 vicarii
1586 1135 1632 1172 et
1649 1145 1813 1172 succes-

283 1207 395 1233 sores
419 1194 484 1233 sui
508 1194 673 1233 solvent
694 1195 919 1234 annuatim
941 1199 1035 1235 octo
1066 1195 1294 1248 capellanis
1325 1196 1609 1235 cantariarum
1629 1196 1675 1235 in
1696 1196 1812 1236 dicta

282 1257 458 1297 ecclesia
489 1257 775 1297 existentibus
808 1262 852 1298 et
882 1259 1239 1299 interessentibus
1271 1260 1323 1299 ad
1355 1260 1570 1313 exequias,
1591 1272 1809 1299 commen-

281 1321 515 1370 dacionem,
559 1326 603 1361 et
633 1323 822 1372 missam,
854 1322 959 1362 duos
993 1323 1146 1363 solidos
1178 1327 1223 1363 et
1253 1327 1349 1363 octo
1380 1323 1589 1373 denarios,
1631 1323 1811 1363 cuilibet

281 1388 464 1437 quatuor
485 1385 705 1434 denarios3
738 1389 783 1425 et
814 1399 886 1425 sex
917 1386 1105 1426 diaconis
1136 1387 1188 1427 ad
1210 1386 1458 1440 hujusmodi
1480 1387 1680 1440 exequias
1701 1387 1812 1426 exis-

278 1449 488 1497 tentibus,
531 1449 756 1488 duodecim
797 1449 1006 1500 denarios‚
1048 1450 1226 1490 cuilibet
1260 1451 1364 1490 duos
1397 1450 1619 1498 denarios3
1651 1453 1697 1490 et
1738 1464 1812 1490 sex

277 1509 574 1550 thuribulariis
607 1515 650 1551 et
682 1525 753 1551 sex
779 1511 976 1552 choristis
1007 1513 1060 1552 ad
1092 1512 1340 1566 hujusmodi
1363 1514 1563 1567 exequias
1586 1514 1813 1554 existenti-

276 1574 370 1624 bus,
403 1575 625 1614 duodecim
656 1575 866 1627 denarios,
894 1576 1071 1616 cuilibet
1102 1590 1238 1616 unum
1270 1577 1493 1617 denarium
1510 1590 1521 1625 3
1554 1580 1598 1616 et
1621 1578 1806 1617 sacristae

275 1651 351 1690 pro
382 1638 623 1691 pulsacione
655 1652 970 1692 campanarum,
1002 1643 1186 1692 quatuor
1217 1640 1439 1688 denarios3
1472 1643 1517 1680 et
1537 1642 1804 1693 campanario

274 1701 554 1754 proclamanti
589 1702 770 1751 obitum,
805 1702 910 1742 duos
946 1702 1165 1752 denarios;
1198 1707 1244 1743 et
1278 1704 1312 1743 si
1354 1703 1507 1756 aliquis
1548 1704 1617 1743 vel
1651 1704 1805 1756 aliqui-

274 1765 488 1804 dictorum
528 1765 860 1818 capellanorum,
893 1766 1183 1816 diaconorum,
1216 1766 1614 1817 thuribulariorum,
1645 1766 1807 1807 choris-

273 1830 416 1867 tarum
439 1841 482 1867 se
503 1828 796 1869 absentaverit
816 1830 884 1869 vel
906 1830 1228 1870 absentaverint
1247 1831 1301 1870 ab
1332 1829 1580 1884 hujusmodi
1601 1831 1806 1884 exequiiS‚

273 1893 663 1943 commendacione‚
697 1893 765 1933 vel
795 1894 937 1945 missa,
972 1895 1148 1934 omittet
1174 1895 1248 1948 jus
1286 1909 1412 1935 suum
1442 1895 1522 1935 sibi
1556 1895 1806 1935 solvendum

273 1969 348 2008 pro
370 1956 492 1996 obitu
513 1957 730 2009 praedicto.
792 1958 843 1997 In
867 1971 1049 2011 quorum
1070 1959 1264 1998 omnium
1287 1959 1415 1999 fidem
1438 1963 1483 1999 et
1504 1960 1805 1999 testimonium

273 2021 603 2072 praemissorum,
636 2020 798 2060 domini
830 2022 1074 2062 VVillelmus
1106 2022 1326 2076 Barwyke,
1348 2022 1592 2062 Willelmus
1623 2023 1805 2073 Norton,

274 2082 488 2122 Robertus
540 2083 790 2136 Brompton,
833 2085 964 2139 Hugo
1012 2086 1241 2139 Pyamour,
1283 2086 1310 2127 J
1313 2085 1501 2126 ohannes
1547 2086 1717 2136 Bedale,
1759 2089 1806 2126 et

273 2144 458 2185 Thomas
500 2146 727 2196 Grundall‚
764 2148 910 2187 vicarii
952 2149 1078 2189 dictae
1111 2150 1300 2190 ecclesiae
1331 2150 1581 2203 collegiatae,
1613 2150 1805 2204 sigillum

275 2223 400 2248 suum
431 2223 658 2249 commune
690 2211 765 2249 uni
800 2213 911 2264 parti
953 2211 1083 2266 hujus
1117 2213 1352 2253 voluntatis
1389 2214 1639 2264 indentatae‚
1670 2227 1801 2267 penes

273 2271 515 2311 ,Iohannem
537 2273 726 2325 VVyotte,
748 2274 951 2313 vicarium
974 2275 1159 2315 ecclesiae
1193 2275 1339 2316 Sancti
1360 2275 1555 2316 Nicholai
1577 2277 1621 2315 in
1643 2276 1802 2316 Mekil-

272 2338 372 2389 gate
394 2336 438 2374 in
463 2336 587 2375 Ebor.
620 2339 665 2375 et
690 2337 715 2375 J
721 2335 934 2377 ohannem
957 2338 1133 2379 Clarelle
1156 2340 1208 2379 de
1237 2339 1378 2390 Ebor.‚
1401 2343 1648 2379 executores
1670 2343 1802 2380 testa-

273 2400 410 2438 menti
425 2400 529 2439 dicti
549 2400 754 2440 willelmi
772 2401 997 2442 Wallthew
1005 2403 1190 2456 junioris
1204 2404 1466 2443 remanentis
1479 2408 1771 2457 apposuerunt
1789 2418 1801 2453 ;

273 2462 396 2500 alteri
413 2476 509 2502 vero
531 2464 641 2515 parti
665 2463 874 2516 ejusdem,
889 2467 1079 2518 praedicti
1096 2467 1123 2507 J
1126 2465 1312 2505 ohannes
1330 2467 1503 2519 VVyotte
1521 2470 1566 2506 et
1581 2467 1609 2507 J
1611 2466 1800 2507 ohannes

274 2525 450 2565 Clarelle
474 2539 604 2578 penes
626 2527 847 2578 praedictos
869 2530 1043 2568 vicarios
1065 2533 1110 2569 et
1141 2543 1399 2569 successores
1431 2543 1541 2579 suos,
1565 2530 1705 2584 sigilla
1726 2543 1802 2570 sua

272 2593 576 2641 apposuerunt.
610 2590 706 2629 Hiis
728 2591 926 2641 testibus,
940 2593 1144 2646 magistro
1159 2593 1376 2632 Willelmo
1393 2593 1604 2647 Langton,
1621 2594 1801 2644 notario,

274 2652 460 2691 Roberto
482 2651 739 2705 Chapmane,
762 2654 977 2695 vvillelmo
991 2656 1237 2709 Abyrforde,
1254 2656 1418 2696 civibus
1436 2660 1480 2696 et
1495 2656 1800 2696 mercatoribus

275 2716 397 2755 Ebor.
421 2720 460 2755 et
493 2716 600 2755 aliis.
664 2717 760 2755 Dat.
787 2718 1071 2757 sextodecimo
1107 2720 1174 2759 die
1209 2720 1369 2759 mensis
1404 2720 1639 2768 Februarii,
1676 2720 1799 2759 Anno

276 2780 442 2818 Domini
461 2779 692 2818 millesimo
714 2781 1138 2833 quadringentesimo
1159 2784 1375 2823 tricesimo
1397 2783 1593 2835 septim0‚
1615 2786 1660 2822 et
1676 2785 1799 2837 regni

275 2855 371 2880 vero
422 2843 532 2893 regis
578 2843 752 2881 chrici
805 2844 913 2883 sexti
966 2849 1061 2896 post
1103 2850 1395 2898 conquaestum
1437 2846 1617 2899 Angliae,
1661 2849 1798 2886 sexto-

272 2905 448 2945 [lm-imo.
