1915 3068
350 171 610 203 -Exfflcluflrs
648 172 775 204 FROM
814 171 1119 214 CllRONlCIAES,
1158 172 1251 204 1⁴:1¹0.

42 285 134 325 tina
167 283 407 336 corripitur.
485 283 577 331 Qua
614 284 919 332 invalescente,
956 282 1237 322 familiaribus
1272 283 1358 322 suis
1394 282 1573 321 imincre

43 349 124 389 sibi
166 348 453 402 pronunciant
487 347 617 387 finem
654 349 767 387 vitae.
841 348 960 387 Dixit
998 347 1129 387 finem
1163 348 1276 397 vitae,
1312 347 1385 387 sed
1418 346 1574 385 melius

42 413 196 452 dixisse
231 416 422 465 poteram
460 412 630 451 vivendi
664 412 939 465 principium.
1020 411 1131 451 Nam
1168 411 1418 451 testimonio
1455 410 1573 449 Salo-

42 477 195 526 monis,
229 490 327 516 cum
364 476 525 515 desinit
554 475 682 515 homo
713 480 818 516 tuno
849 476 1029 528 incipit)
1094 476 1302 529 Egressus
1333 475 1451 514 enim
1475 475 1574 513 vitae

43 541 280 594 praesentis,
305 541 521 593 ingressus
554 543 619 579 est.
651 540 703 579 ad
741 540 859 579 illam
893 553 987 592 quae
1010 553 1088 579 nec
1109 540 1265 579 transit
1297 553 1376 578 nec
1413 538 1575 578 desinit

42 606 189 644 vitam.
253 604 412 644 Omnes
433 604 609 643 demum
640 604 860 644 instruens
891 608 931 644 et
967 602 1194 643 exhortans
1226 603 1279 642 ad
1311 615 1438 656 opera
1469 603 1575 641 cari-

42 669 159 718 tatis,
197 672 328 721 caput
369 667 594 720 paululum
635 669 874 708 reclinavit.
956 668 1167 707 Astabant
1209 667 1365 707 diversi
1402 666 1573 720 generis

42 733 225 782 ordines,
249 732 478 771 lacrimosis
500 732 696 785 precibus
728 736 771 772 et
803 732 1049 785 psalmodiis
1080 733 1307 771 instantes.
1370 730 1573 778 Quicum

42 796 303 835 versiculum
326 796 450 834 illum
467 796 746 849 incepissent,
764 799 775 818 ‘
790 795 955 836 Emitte
972 794 1206 849 Spiritum
1224 795 1375 835 Tuum
1398 798 1434 835 et
1456 807 1574 834 crea-

43 858 229 910 buntur,
254 863 290 900 et
311 857 542 899 renovabis
566 858 737 913 faciem
760 859 913 909 τρο-φας’
934 861 998 899 vir
1020 860 1101 899 Dei
1133 861 1224 899 sine
1258 860 1374 899 omni
1403 858 1571 913 gemitu

42 928 87 964 et
107 924 288 963 clamore
309 923 565 963 obdormivit
587 924 630 962 in
654 924 850 971 Domino,
872 937 984 963 anno
1014 924 1115 963 vitae
1147 937 1232 963 suae
1256 923 1572 976 septuagesimo

43 991 176 1038 sexto,
213 987 489 1040 pontificatus
529 991 677 1027 autem
718 987 1042 1041 quadragesimo
1085 991 1218 1037 sexto,
1259 987 1365 1027 feria
1406 987 1572 1040 quinta,

42 1055 194 1105 quarto
215 1051 311 1091 idus
333 1051 542 1092 Octobris,

529 1157 574 1191 lx
600 1157 682 1192 Ocr.
711 1157 850 1192 SANCTI
880 1157 1092 1193 Witrmm.

132 1228 513 1284 Le001'0j.—Mors
536 1245 635 1271 sane
657 1231 741 1271 ista
761 1245 838 1284 per
858 1245 987 1284 quam
1018 1230 1294 1271 introductus
1317 1234 1381 1270 est
1404 1230 1449 1269 in
1471 1243 1576 1284 gau-

43 1296 163 1335 dium
186 1296 358 1335 Domini
382 1296 447 1334 sui
479 1308 564 1334 non
596 1298 662 1335 est
692 1309 804 1335 mors
837 1296 909 1336 sed
940 1296 1159 1345 dormicio,
1181 1299 1329 1348 portus
1361 1295 1510 1334 mortis
1533 1297 1577 1334 et

45 1364 165 1412 porta
187 1360 301 1399 vitae.
363 1359 403 1398 N
407 1373 454 1398 ec
486 1373 598 1398 mors
630 1373 730 1399 eum
752 1360 900 1409 vincit,
923 1360 996 1399 sed
1017 1360 1132 1399 victa
1153 1362 1233 1409 est,
1256 1363 1300 1398 et
1321 1358 1489 1398 absorta
1511 1361 1578 1398 est

45 1436 156 1462 mors
178 1424 222 1462 in
246 1424 434 1463 victoria.
496 1423 616 1462 Abiit
637 1437 752 1477 ergo,
773 1437 860 1463 non
882 1423 1004 1464 obiit.
1066 1424 1158 1463 Nec
1187 1424 1379 1463 extincta
1400 1426 1465 1462 est
1486 1420 1577 1461 haec

44 1486 232 1537 lucerna,
256 1487 329 1527 sed
362 1488 628 1527 eminencius
658 1488 909 1538 constituta,
941 1491 992 1527 ut
1020 1488 1162 1527 luceat
1193 1487 1393 1527 omnibus
1423 1487 1498 1540 qui
1530 1487 1576 1526 in

45 1551 170 1591 domo
193 1555 308 1591 sunt.
370 1551 486 1591 Mors
509 1552 654 1605 itaque
677 1553 716 1592 ei
738 1552 878 1592 brevis
907 1566 1111 1605 sompnus
1133 1555 1213 1602 est,
1235 1555 1287 1591 ut
1317 1554 1508 1591 transeat
1530 1551 1576 1590 in

45 1614 346 1655 haereditatem
386 1615 572 1655 filiorum
615 1616 710 1666 Dei,
747 1616 859 1655 sicut
901 1617 1110 1670 scriptum
1152 1620 1232 1666 est,
1265 1629 1368 1656 cum
1402 1614 1575 1655 dederit

47 1677 220 1719 dilectis
242 1677 341 1719 sus-is
364 1692 624 1733 sompnum.
685 1681 794 1720 Ecce
826 1679 1054 1720 haereditas
1084 1681 1274 1720 Domini.
1336 1680 1578 1719 Haeredita-

46 1747 135 1783 tem
165 1744 281 1783 enim
313 1757 440 1796 quam
472 1744 608 1784 Adam
629 1745 888 1797 perdiderat,
910 1759 1009 1784 cum
1043 1759 1119 1784 sua
1154 1744 1389 1784 miserabili
1419 1744 1576 1794 sobole,

46 1807 129 1846 iste
152 1805 277 1847 hodie
299 1821 375 1860 pro
396 1808 591 1848 mercede
614 1808 808 1848 laborum
830 1823 1004 1849 suorum
1026 1809 1187 1862 recepit
1216 1809 1263 1848 in
1294 1808 1433 1861 patria
1453 1807 1577 1846 clari-

47 1871 151 1910 tatis
173 1875 357 1911 aeternae.
419 1872 581 1912 Eadem
598 1871 700 1911 hora
720 1886 807 1912 non
833 1874 925 1913 sine
947 1887 1103 1927 magno
1126 1876 1298 1925 stupore
1320 1872 1575 1922 astancium,

47 1935 220 1987 quidam
241 1935 359 1974 mirae
381 1935 620 1975 dulcedinis
642 1936 815 1975 avium²
836 1940 1070 1976 concentus
1092 1937 1267 1976 auditus
1289 1940 1353 1976 est
1377 1936 1421 1974 in
1444 1935 1575 1986 nube,

47 1997 215 2051 fuitque
239 1998 483 2051 sapientum
504 2000 662 2051 opinio,
686 2000 798 2052 quod
830 2003 943 2040 esset·
973 2000 1290 2054 congratulacio
1311 1999 1576 2053 angelorum,

47 2064 98 2100 ut
118 2061 372 2114 impleretur
404 2063 516 2115 quod
547 2064 802 2116 praedixerat
834 2064 873 2104 ei
910 2064 1089 2118 angelus
1120 2062 1322 2114 Michael,
1344 2064 1445 2116 quia
1476 2077 1578 2103 eum

46 2124 206 2164 iterum
228 2126 434 2166 visitaret.

135 2188 283 2229 Leccio
320 2188 367 2242 ij.
430 2191 495 2230 Ad
529 2192 730 2245 exequias
762 2192 898 2247 igitur
927 2191 1113 2232 hominis
1146 2192 1226 2231 Dei
1259 2195 1579 2246 congregantur

49 2251 237 2304 abbates,
258 2267 438 2306 quorum
465 2268 592 2305 unus,
615 2256 719 2295 dum
752 2270 879 2309 super
909 2270 1040 2295 unam
1073 2256 1309 2309 syndonem
1332 2270 1483 2308 corpus
1505 2255 1578 2295 ab-

49 2314 201 2367 lueret,
237 2318 464 2371 caeterique
501 2319 690 2373 religiosi
731 2334 829 2359 cum
871 2320 987 2359 omni
1024 2320 1253 2374 diligentia
1285 2323 1578 2372 procurarent,

49 2384 266 2420 mortuum
287 2382 603 2434 pontificalibus
625 2383 829 2423 indutum
851 2384 1081 2436 imponunt
1102 2383 1273 2434 feretro,
1296 2387 1341 2422 et
1362 2383 1414 2422 ad
1436 2383 1577 2423 locum

49 2442 247 2484 deferunt
269 2445 546 2486 destinatum.
591 2447 728 2494 Quem
749 2447 854 2486 dum
875 2448 920 2485 in
938 2447 1064 2486 domo
1090 2447 1273 2500 quadam
1304 2451 1576 2500 reponerent,

49 2507 204 2547 auditae
227 2512 329 2548 sunt
350 2509 488 2549 denuo
510 2524 630 2549 voces
652 2511 810 2561 avium,
825 2511 970 2563 quales
993 2512 1111 2564 prius
1133 2511 1433 2560 audierant,et
1458 2511 1577 2550 vide-

50 2568 174 2611 batur
195 2573 270 2622 eis,
293 2574 404 2626 quod
427 2574 471 2612 in
493 2574 649 2613 coelum
672 2588 823 2613 canora
845 2574 1139 2614 modulacione
1172 2580 1217 2614 et
1248 2579 1459 2614 concentu
1480 2588 1578 2628 gra-

48 2634 215 2675 tissimo
255 2637 521 2677 ascendebat.
598 2638 639 2677 N
642 2651 688 2677 ec
731 2638 837 2678 illud
879 2639 1008 2678 debet
1051 2639 1225 2679 silencio
1261 2639 1328 2678 vel
1363 2638 1576 2678 oblivione

51 2698 195 2751 sopiri,
215 2700 327 2752 quod
359 2701 403 2740 in
436 2701 527 2740 loco
557 2701 632 2740 ubi
663 2715 773 2754 aqua
807 2715 893 2742 suae
928 2702 1165 2742 ablucionis
1202 2702 1295 2742 fusa
1326 2705 1406 2752 est,
1429 2702 1577 2741 incolae

52 2762 223 2815 signum
264 2765 401 2803 crucis
442 2764 618 2804 vivificae.
648 2765 841 2819 ligneum
873 2770 1117 2816 erexerunt,
1159 2766 1304 2818 ibique
1346 2765 1579 2818 multiplici

217 2868 274 2911 (l)
301 2870 310 2887 ‘
326 2868 384 2902 Sic
403 2873 436 2902 et
457 2880 521 2903 nos
538 2869 612 2903 nati
631 2869 799 2904 continuo
817 2870 1007 2905 desivimus
1024 2870 1250 2915 esses—Sap.
1271 2881 1304 2904 v.
1326 2870 1379 2904 13.

218 2921 274 2964 (2)
301 2920 375 2954 The
394 2920 470 2955 MS.
492 2921 554 2955 has
573 2921 739 2955 ‘animus

1746 157 1772 200 [C

1780 156 1805 203 =1

1607 750 1645 769 on
1662 739 1780 768 Thars-

1607 780 1751 817 dayDct.
1766 780 1810 813 ¹2,

1608 819 1639 847 in
1657 819 1710 847 the
1733 819 1810 846 Tlith

1607 868 1682 896 year
1696 858 1730 886 of
1742 857 1790 886 his

1607 906 1675 932 age.
1693 898 1754 925 and

1606 937 1660 966 the
1674 937 1749 964 46111
1765 936 1802 964 of

1606 976 1657 1005 his
1672 976 1795 1013 pontifi-

1606 1018 1684 1044 cate.

1612 1237 1647 1266 R«
1658 1237 1799 1267 flections

1611 1287 1649 1305 on
1664 1278 1714 1306 his

1612 1317 1717 1346 death.

1613 1620 1653 1649 Ps
1678 1620 1790 1650 cxxvi.

1612 1661 1772 1699 (cxxvii.)
1783 1661 1812 1689 4.

1611 1944 1677 1973 The
1693 1944 1764 1973 wel-

1611 1993 1697 2013 come
1712 1984 1745 2012 of
1758 1983 1812 2011 the

1612 2023 1730 2061 angels.

1614 2203 1737 2231 Conco„
1744 2211 1790 2231 rse

1612 2243 1647 2271 of
1658 2242 1780 2271 abbats.

1613 2458 1783 2496 Heavcnly

1613 2507 1716 2526 von-es

1613 2537 1720 2574 again.

1613 2651 1641 2679 A
1658 2659 1739 2679 crass

1613 2690 1745 2719 erectcd.
