1935 3151
593 165 702 198 ORIG
713 164 820 197 INAL
858 162 1013 195 DOCUM
1022 162 1146 195 ENTS.

102 279 360 334 requisitum
376 277 508 317 fuerit
529 277 643 330 quod
659 290 757 317 cum
775 276 899 316 dictae
916 274 1093 314 decimae
1117 274 1204 314 sint
1226 288 1292 314 res
1317 275 1573 328 spirituales,
1592 277 1637 314 et

103 346 156 384 de
192 344 318 384 dictis
354 343 479 382 terris
513 342 558 380 in
594 340 858 388 Havercroft,
890 340 973 378 nisi
1010 338 1250 392 spiritualia
1286 342 1441 389 essent,
1471 340 1638 379 decima

102 408 280 448 deberet
303 407 422 446 solvi.
465 405 670 457 Idemque
695 404 907 444 Robertus
930 417 1004 456 per
1021 402 1268 455 hujusmodi
1287 403 1637 442 concordanciam

103 472 351 526 cognoverit
383 470 645 510 contrarium
676 469 794 507 misae
833 481 917 507 suae
950 467 1176 520 praedictae,
1208 467 1260 506 ad
1286 467 1501 520 judiciuin
1536 467 1637 506 inde

102 535 370 576 reddendum
412 533 571 586 absque
624 533 907 585 inquisicione
950 531 1049 570 inde
1091 532 1296 584 capienda
1337 531 1636 584 procederetis.

102 600 188 639 Vos
220 602 381 647 tamen,
414 611 489 650 pro
522 611 571 637 eo
602 597 716 649 quod
738 597 782 635 in
806 595 1090 648 inquisicione
1111 596 1313 648 praedicta
1335 596 1541 635 inseritur
1563 596 1636 645 sic,

102 663 215 716 quod
237 662 353 702 idem
380 661 594 701 Robertus
627 674 767 700 coram
799 660 959 699 eisdem
992 659 1289 699 visitatoribus
1320 660 1551 712 requisitus
1583 659 1636 699 de

103 727 260 780 quibus
295 725 540 766 elemosinis
571 728 615 764 et
647 725 835 764 caritatis
866 724 1064 776 operibus
1096 724 1262 763 dictum
1294 722 1504 777 hospitale
1539 723 1638 762 fun-

102 791 244 839 datur,
266 790 371 829 dicit
393 789 506 842 quod
528 789 711 842 ignorat,
734 801 818 827 non
842 790 944 827 sunt
966 787 1025 826 ibi
1047 787 1199 827 fratres
1228 801 1367 840 neque
1397 801 1572 837 sororeS,
1594 791 1638 827 et

102 856 148 895 111
183 855 348 895 caeteris
376 854 575 893 omnibus
611 853 802 892 articulis
839 854 884 891 in
919 853 1034 892 dicta
1067 852 1349 905 inquisicione
1385 852 1638 906 specificatis

102 919 330 959 concordat
375 931 474 957 cum
515 917 730 970 praedictis
765 917 938 970 juratis,
980 917 1170 956 asseritis
1207 917 1349 969 ipsum
1383 917 1436 956 ad
1472 916 1637 956 dictum

103 983 348 1032 articulum,
381 981 494 1034 quod
528 981 693 1021 dictum
726 979 936 1034 hospitale
971 980 1022 1020 de
1057 980 1193 1020 tercia
1225 984 1345 1033 parte
1374 980 1638 1020 decimarum

103 1048 331 1102 garbarum
352 1047 405 1086 de
427 1047 554 1086 terris
578 1050 621 1086 et
643 1046 906 1085 tenementis
932 1045 1146 1098 praedictis
1168 1045 1308 1084 eidem
1330 1046 1521 1084 manerio
1542 1058 1639 1098 per-

104 1113 346 1152 tinencium
369 1111 555 1160 dotatur,
578 1111 758 1150 minime
791 1109 1089 1150 concordasset
1111 1123 1159 1149 eo
1180 1113 1408 1163 praetextu,
1432 1113 1476 1149 et
1505 1110 1639 1149 eciam

104 1190 179 1229 pro
202 1189 251 1216 eo
273 1175 385 1229 quod
407 1175 524 1214 vobis
546 1188 632 1214 non
654 1178 823 1213 constat
845 1177 994 1213 utrum
1015 1187 1091 1213 nos
1113 1173 1278 1213 dictum
1300 1172 1512 1226 hospitale
1542 1187 1641 1212 con-

104 1240 214 1280 ferre
237 1254 290 1279 an
312 1240 365 1279 ad
387 1239 495 1279 illud
519 1242 775 1292 praesentare
797 1237 1041 1287 debeamus,
1073 1240 1118 1277 et
1149 1251 1203 1276 an
1229 1238 1303 1277 ille
1325 1241 1467 1277 custos
1489 1237 1640 1277 debeat

106 1304 255 1343 induci
273 1318 347 1356 per
364 1304 597 1343 ordinarios
619 1317 673 1342 an
695 1317 771 1355 per
792 1303 1010 1341 ministros
1032 1304 1214 1351 nostros,
1236 1301 1289 1341 ad
1305 1301 1521 1354 judicium
1538 1301 1640 1341 inde

105 1368 374 1408 reddendum
396 1367 620 1420 procedere
642 1366 839 1416 differtis,
861 1369 912 1405 ut
933 1366 1190 1418 accepimus.
1223 1366 1280 1405 Et
1293 1366 1393 1418 quia
1410 1365 1639 1418 praedictus

105 1431 314 1472 articulus
351 1434 463 1470 ‘non
506 1434 608 1470 sunt
648 1431 708 1470 ibi
741 1430 891 1469 fratres
923 1443 1063 1482 neque
1101 1429 1290 1479 sorores,’
1326 1433 1392 1469 est
1432 1429 1640 1469 articulus

107 1509 330 1549 expressus
361 1496 407 1534 in
438 1495 722 1548 inquisicione
754 1494 971 1547 praedicta,
994 1497 1039 1533 et
1070 1494 1299 1546 praedictus
1342 1494 1554 1533 Robertus
1595 1494 1640 1533 in

105 1558 185 1599 hoc
207 1563 250 1599 et
271 1560 316 1598 in
338 1559 502 1599 caeteris
524 1559 722 1598 omnibus
744 1558 839 1598 aliis
860 1558 1052 1597 articulis
1074 1559 1119 1597 in
1137 1558 1420 1611 inquisicione
1437 1558 1641 1612 praedicta

108 1623 377 1678 specificati&
400 1623 627 1663 concordat
648 1637 748 1665 cum
769 1623 986 1676 praedictis
998 1622 1169 1676 juratis,
1188 1623 1298 1662 sicut
1319 1637 1395 1675 per
1415 1622 1640 1662 recordum

107 1692 153 1728 et
173 1701 419 1741 processum
440 1687 642 1740 praedicta
662 1687 789 1740 plene
810 1687 962 1739 liquet,
985 1686 1157 1726 videtur
1171 1686 1284 1739 quod
1298 1686 1412 1726 idem
1427 1687 1640 1727 Robertus

108 1752 280 1791 nullum
301 1751 578 1790 articulorum
600 1750 833 1790 eorundem
855 1750 1029 1800 dedicit,
1049 1754 1114 1790 set
1135 1750 1248 1803 quod
1270 1751 1471 1804 cognovit
1492 1765 1640 1791 omnes

107 1815 308 1855 articulos
330 1815 567 1868 praedictos,
590 1818 635 1854 et
655 1813 961 1853 nichilominus
991 1815 1084 1867 ipse
1115 1814 1190 1867 qui
1221 1817 1362 1853 custos
1392 1813 1641 1868 hujusmodi

109 1878 334 1933 hospitalis
372 1879 521 1918 existit
550 1879 693 1917 omnia
727 1877 980 1918 elemosinas
1009 1881 1051 1917 et
1086 1878 1276 1917 caritatis
1313 1891 1454 1930 opera,
1487 1881 1531 1918 et
1559 1879 1642 1918 alia

112 1957 240 1984 onera
262 1943 402 1983 eidem
424 1941 627 1995 hospitali
649 1941 962 1991 incumbencia,
981 1945 1025 1981 et
1042 1942 1185 1981 omnia
1205 1942 1391 1994 proficua
1414 1944 1459 1981 et
1480 1942 1643 1982 emolu-

110 2010 260 2047 menta
299 2007 352 2046 ad
383 2006 548 2046 dictum
579 2004 789 2058 hospitale
821 2005 1089 2058 pertinencia
1120 2005 1174 2045 de
1205 2005 1361 2057 quibus
1392 2004 1642 2059 hujusmodi

112 2071 355 2112 elemosinae
378 2073 423 2110 et
443 2069 525 2109 alia
547 2083 674 2109 onera
696 2070 928 2108 sustentari
960 2069 1134 2118 debent,
1158 2072 1201 2109 et
1223 2069 1434 2122 praecipue
1457 2070 1642 2109 decimas

113 2139 158 2176 et
189 2135 274 2175 alia
305 2134 491 2188 proficua
519 2147 613 2187 quae
645 2134 825 2186 ipsemet
858 2133 916 2172 sic
947 2134 1132 2186 percipit
1164 2134 1270 2172 scire
1298 2137 1474 2173 tenetur
1495 2138 1539 2173 et
1556 2147 1642 2172 non

111 2201 319 2254 ignorare,
341 2202 385 2238 et
409 2199 466 2237 sic
481 2197 560 2237 hoc
587 2198 699 2250 quod
721 2197 950 2250 praedictus
976 2197 1191 2237 Robertus
1216 2197 1275 2236 sic
1297 2197 1407 2237 dixit
1428 2198 1643 2250 ignorasse

113 2264 167 2304 ad
188 2263 375 2316 aliquem
397 2262 676 2302 articulorum
697 2261 999 2314 praedictorum
1020 2262 1064 2300 in
1096 2261 1211 2300 diota
1242 2261 1523 2313 inquisicione
1548 2274 1644 2314 spe-

114 2327 378 2367 cificatorum
414 2325 563 2365 referri
599 2338 685 2364 non
722 2328 865 2378 potest
897 2338 976 2363 nec
1010 2324 1154 2373 debet,
1184 2327 1229 2363 et
1263 2325 1411 2374 eciam,
1446 2325 1644 2364 scrutatis

1776 148 1801 192 'Na

1809 148 1835 192 [ὁ

1844 148 1865 192 ...a

1673 1113 1751 1142 Also
1763 1122 1852 1152 ques-

1673 1153 1739 1182 tion
1755 1154 1839 1182 whe-

1673 1192 1743 1221 ther
1759 1192 1849 1230 King

1673 1241 1707 1260 or
1723 1232 1777 1260 the

1673 1271 1833 1308 Ordinary

1675 1310 1787 1339 should
1799 1309 1874 1347 give

1674 1358 1846 1386 possesslon

1674 1389 1709 1417 of
1723 1389 1777 1418 the
1792 1389 1862 1417 hos-

1674 1427 1763 1466 pital.

114 2391 266 2431 rotulis
289 2389 560 2431 Cancellariae
582 2389 745 2429 domini
767 2388 961 2427 Edwardi
984 2388 1115 2442 Regis
1146 2388 1313 2442 Angliae
1345 2391 1478 2441 patris
1509 2389 1644 2428 nostri
1690 2436 1693 2437 ⁷

115 2458 161 2495 et
187 2458 346 2503 nostro,
375 2467 460 2494 non
486 2453 707 2493 invenitur
740 2452 854 2505 quod
884 2452 1112 2504 praedictus
1146 2455 1266 2505 pater
1294 2456 1439 2492 noster
1466 2466 1540 2492 seu
1568 2465 1645 2491 nos

116 2519 285 2558 racione
327 2516 507 2570 alicujus
538 2517 773 2556 vacacionis
805 2515 1205 2569 Archiepiscopatus
1246 2516 1439 2569 praedicti
1480 2517 1645 2556 dictum

114 2580 326 2635 hospitale
348 2581 623 2630 contulimus,
642 2594 717 2619 seu
734 2580 785 2619 ad
803 2580 910 2619 illud
932 2580 1298 2632 praesentavimus,
1322 2584 1385 2619 set
1406 2580 1518 2632 quod
1540 2593 1646 2632 prae-

116 2645 255 2685 dictus
277 2648 396 2698 pater
427 2648 573 2684 noster
603 2643 815 2696 hospitale
849 2643 992 2683 Beatae
1013 2644 1161 2683 Mariae
1183 2643 1451 2697 Magdalenae
1477 2643 1645 2696 Ripon',

117 2709 244 2761 quod,
278 2713 327 2748 ut
363 2709 618 2760 accepimus,
655 2711 717 2747 est
752 2707 945 2760 ejusdem
979 2708 1254 2755 condicionis,
1289 2710 1334 2746 et
1366 2706 1494 2758 quod,
1530 2707 1645 2746 dicto

117 2772 493 2825 Archiepiscopatu
524 2773 570 2811 in
601 2785 733 2811 manu
759 2772 894 2825 ipsius
916 2772 1050 2824 patris
1072 2772 1210 2811 nostri
1232 2772 1458 2821 existente,
1480 2771 1642 2810 vacavit

119 2849 194 2888 per
214 2835 359 2876 literas
383 2850 476 2875 suas
498 2839 710 2889 patentes,
732 2849 913 2888 quarum
935 2839 1129 2875 tenorem
1150 2835 1268 2875 vobis
1290 2835 1507 2874 mittimus
1536 2848 1645 2888 prze-

121 2899 313 2939 sentibus
339 2900 638 2950 interclusum,
661 2900 848 2939 Henrico
869 2899 922 2939 de
950 2899 1150 2940 Shirokes
1182 2899 1301 2939 dedit
1335 2903 1375 2939 et
1410 2900 1615 2939 concessit
1634 2914 1645 2948 ;

1681 2524 1770 2561 King

1680 2566 1794 2592 asserts
1807 2563 1879 2592 that

1681 2603 1731 2631 his
1746 2602 1851 2630 father

1679 2650 1759 2679 gave
1774 2650 1843 2678 pos-

1680 2689 1796 2709 sessmn
1813 2686 1844 2709 to
1861 2689 1879 2709 a

1680 2725 1798 2748 master
1811 2720 1855 2757 hy

1680 2759 1731 2786 his
1746 2768 1817 2787 own

1680 2798 1879 2833 Officers,and

1681 2840 1736 2865 not
1752 2838 1795 2874 by
1811 2837 1865 2865 the

1681 2874 1851 2914 Ordinary.
