1955 3068
607 123 832 157 ORIGINAL
869 123 1156 156 DocUMEN'rs.

117 237 331 278 salubrem
352 235 627 277 affeccionem
651 249 772 276 suam
787 236 1013 276 salubriter
1030 236 1256 289 respicere,
1273 239 1318 275 et
1332 249 1452 275 suam
1468 234 1648 275 liberam

114 302 392 342 collacionem
413 300 648 342 liberaliter
669 301 935 341 considerare
957 299 1165 351 volentes,
1179 303 1224 340 et
1240 304 1291 340 ut
1305 303 1501 340 sanctum
1522 313 1648 339 suum

115 365 363 406 memoriale
395 369 569 406 maneat
599 366 644 406 in
675 369 903 416 aeternum,
935 378 985 405 ex
1016 365 1236 405 communi
1268 378 1447 404 assensu
1468 363 1649 418 capituli

114 430 251 470 nostri
267 430 554 470 concessimus
571 433 617 470 et
632 430 896 469 unanimiter
916 429 1238 478 constituimus,
1255 431 1305 468 ut
1326 432 1464 468 rector
1479 427 1649 467 fabricae

115 493 306 534 ecclesiae
327 498 485 534 nostrae
506 495 580 547 qui
602 508 677 547 pro
699 497 891 547 tempore
914 493 1061 543 fuerit,
1080 496 1247 546 septem
1269 493 1435 533 vicariis
1457 491 1647 532 ecclesiae

113 561 272 598 nostrae
314 562 483 611 septem
525 558 696 609 solidos,
741 557 906 597 scilicet
947 558 1181 610 unicuique
1232 570 1379 597 eorum
1420 556 1647 597 duodecim

113 622 323 672 denarios,
340 622 392 662 de
410 622 533 662 bonis
551 626 597 662 et
616 622 858 662 redditibus
876 622 1089 661 dictorum
1111 621 1401 671 aedificiorum,
1419 621 1487 661 die
1505 620 1648 660 obitus

114 687 180 726 sui
203 690 249 726 et
268 687 517 726 aniversarii
542 687 634 727 sine
656 687 798 740 aliqua
819 686 1029 726 dilacione
1047 689 1092 726 et
1107 686 1400 726 diminucione
1423 686 1648 725 annuatim

112 750 340 803 persolvat.
402 749 704 791 Concessimus
728 751 864 791 eciam
896 754 941 790 et
961 750 1273 791 constituimus
1305 754 1356 790 ut
1387 750 1471 803 ipsi
1503 750 1649 790 vicarii

111 814 204 867 ipso
225 815 309 864 die,
330 815 417 854 nisi
440 815 671 868 solempnis
692 814 906 855 festivitas
934 814 1151 864 acciderit,
1174 818 1218 854 et
1248 817 1353 853 tunc
1385 815 1432 854 in
1463 814 1651 854 crastino

111 878 179 917 vel
196 877 307 918 infra
323 878 618 929 ebdomadam,
639 879 876 919 secundum
898 879 985 918 diei
1007 881 1052 918 et
1072 878 1280 931 temporis
1296 879 1649 931 oportunitatem,

112 956 187 995 pro
208 943 352 982 anima
386 956 462 982 sua
493 945 539 982 et
568 943 794 983 animabus
826 942 1022 982 fidelium
1053 942 1310 995 obsequium
1340 956 1417 996 pro
1448 942 1648 983 fidelibus

112 1005 302 1059 plenarie
325 1006 499 1057 faciant,
521 1010 567 1047 et
588 1007 735 1047 divina
756 1006 979 1046 celebrent
1010 1005 1237 1046 humiliter
1267 1011 1311 1046 et
1334 1007 1487 1047 devote
1512 1020 1649 1047 sacra-

112 1074 272 1111 menta.
316 1071 370 1112 In
391 1070 515 1126 cujus
537 1072 599 1111 rei
621 1072 923 1111 testimonium
946 1069 1045 1111 huic
1062 1071 1220 1125 scripto
1236 1070 1428 1125 sigillum
1450 1075 1648 1111 nostrum

108 1136 403 1189 apposuimus.
471 1135 569 1175 Hiis
612 1136 817 1186 testibus,
853 1136 1027 1176 domino
1068 1135 1198 1175 Petro
1239 1135 1292 1175 de
1334 1135 1502 1175 Davilla
1542 1139 1647 1175 tunc

109 1199 266 1240 ballivo
298 1199 465 1254 Ripon',
488 1200 661 1240 domino
693 1200 880 1241 Roberto
910 1200 964 1240 de
998 1199 1200 1254 Coyners,
1231 1199 1406 1239 domino
1428 1200 1562 1239 Alano
1593 1200 1646 1239 de

109 1263 305 1315 Adefeld,
328 1265 501 1305 domino
530 1264 716 1305 Patricio
747 1264 801 1305 de
821 1265 1066 1315 Westewic,
1097 1264 1234 1304 Adam
1256 1264 1400 1316 ward,
1427 1264 1647 1304 Willelmo

109 1327 254 1380 WVard,
277 1329 446 1384 Rogero
466 1329 518 1370 de
541 1329 760 1380 Nonewic,
783 1331 828 1369 et
849 1328 1002 1368 multis
1025 1328 1133 1368 aliis.

281 1505 385 1541 XXI.
415 1505 590 1541 GRANT
623 1505 685 1541 OF
718 1506 753 1540 A
787 1505 911 1540 TOFT
945 1505 1044 1540 FOR
1076 1505 1271 1541 SMITH’S
1306 1506 1474 1543 WORK

613 1592 903 1636 (DARNBROUGH
926 1591 1004 1627 MS.
1032 1591 1135 1638 xxv.)

196 1680 444 1735 Capitulum
476 1682 622 1723 Sancti
643 1682 832 1722 Wilfridi
863 1682 916 1722 de
949 1681 1116 1735 Ripon’,
1148 1681 1349 1721 omnibus
1381 1680 1458 1722 has
1490 1683 1637 1723 literas

105 1745 261 1785 visuris
303 1749 349 1786 et
378 1746 605 1798 audituris,
638 1746 836 1787 salutem.
899 1746 1053 1787 Sciatis
1085 1759 1178 1796 nOS,
1210 1747 1429 1786 communi
1460 1747 1639 1787 consilio

104 1814 266 1862 nostro,
297 1810 469 1851 dedisse
501 1815 546 1852 et
576 1813 855 1862 concessisse,
888 1814 933 1851 et
966 1811 1171 1865 praesenti
1206 1815 1321 1850 carta
1357 1815 1503 1852 nostra
1537 1826 1638 1853 con-

103 1874 298 1915 firmasse
321 1875 505 1916 Radulfo
525 1875 644 1916 fabro
665 1881 710 1916 et
730 1875 974 1916 haeredibus
999 1876 1087 1915 suis
1110 1888 1186 1928 pro
1210 1876 1387 1916 servicio
1403 1890 1479 1916 suo
1500 1891 1637 1917 unum

103 1937 264 1978 toftum
280 1939 408 1992 juxta
434 1943 602 1993 portam
634 1941 837 1980 cimiterii
869 1940 1007 1979 nostri
1038 1953 1187 1979 versus
1219 1940 1502 1992 occidentem,
1525 1942 1638 1995 quod

104 2002 299 2058 Rogerus
331 2002 675 2058 archiepiscopus
718 2005 838 2044 dedit
875 2004 992 2057 operi
1026 2004 1214 2044 ecclesiae
1246 2007 1417 2056 nostrae,
1455 2009 1500 2045 et
1530 2006 1636 2045 duas

103 2080 220 2107 acras
243 2071 366 2107 terrae
388 2068 433 2107 in
456 2082 604 2122 campo
625 2069 678 2109 de
692 2069 837 2109 Neubi
854 2082 960 2122 quas
974 2068 1214 2108 Alexander
1226 2068 1426 2109 dominus
1442 2069 1635 2123 ejusdem

103 2130 215 2171 villae
237 2131 359 2172 dedit
380 2133 497 2185 operi
519 2133 707 2173 ecclesiae
739 2137 911 2183 nostrae,
934 2136 979 2173 et
1011 2146 1146 2172 unum
1177 2147 1355 2186 parvum
1377 2148 1551 2187 parcum
1583 2134 1635 2174 ad

105 2195 467 2251 Gillingebrigga,
488 2197 677 2237 tenenda
709 2198 760 2237 de
793 2211 920 2251 opere
953 2197 1143 2238 ecclesiae
1174 2201 1332 2236 nostrae
1364 2199 1409 2237 in
1431 2197 1560 2238 feudo
1592 2204 1638 2238 et

103 2257 370 2311 haereditate‚
393 2260 527 2301 libere
550 2265 593 2301 et
626 2262 788 2315 quiete,
809 2261 1026 2301 reddendo
1048 2262 1273 2300 annuatim
1294 2262 1497 2314 praedicto
1518 2263 1636 2316 operi

102 2324 259 2379 viginti
301 2325 513 2376 denarios,
550 2326 727 2377 scilicet,
762 2326 911 2366 decem
948 2326 1144 2366 denarios
1177 2326 1230 2365 ad
1263 2325 1553 2367 Pentecosten
1590 2331 1635 2367 et

103 2387 251 2428 decem
273 2389 468 2429 denarios
490 2390 542 2429 ad
565 2389 729 2430 festum
752 2390 898 2430 Sancti
931 2389 1126 2439 Martini,
1153 2403 1228 2443 pro
1249 2390 1367 2429 omni
1391 2391 1567 2431 servicio
1589 2396 1633 2432 et

101 2452 324 2492 exaccione
356 2456 399 2493 et
431 2454 758 2495 consuetudine.
821 2453 903 2493 His
935 2453 1137 2504 testibus,
1169 2452 1400 2507 Stephano,
1431 2455 1632 2506 Absalon‚

102 2515 340 2568 Gfleberto,
392 2516 516 2572 Bug’,
557 2517 789 2567 willelmo,
831 2517 1036 2568 waltero,
1087 2517 1317 2571 capellanis
1336 2532 1347 2566 ;
1401 2519 1632 2570 Willelmo,

101 2579 303 2632 Roberto,
336 2581 570 2632 willelmo,
613 2581 794 2636 Rogero,
826 2581 1102 2630 diaconibus;
1135 2581 1322 2621 Roberto
1353 2581 1406 2622 de
1448 2583 1632 2635 Lanum,

101 2643 289 2684 Roberto
339 2644 428 2685 filio
470 2645 630 2695 Ketell,
673 2645 847 2685 Nicolao
888 2645 975 2685 filio
1017 2645 1126 2699 ejus,
1168 2645 1387 2686 Willelmo
1427 2647 1632 2703 Margler‚

102 2706 339 2762 Reginaldo
352 2713 534 2764 cognato
548 2709 714 2749 Nicolai
728 2710 935 2760 canonici,
951 2709 1165 2750 Bernardo
1179 2710 1248 2750 del
1263 2710 1428 2762 Mund',
1443 2712 1633 2753 waltero

101 2770 189 2811 filio
210 2770 320 2825 ejus,
342 2773 477 2814 Alano
498 2774 654 2823 Tanur,
676 2774 855 2814 W'idone
879 2773 1116 2824 Aurifabro,
1139 2774 1294 2815 Arturo
1316 2775 1513 2817 Masoun.

1790 110 1882 156 103

1684 439 1805 469 Maeter
1819 439 1853 469 of

1683 479 1789 508 fabric.

1684 690 1807 722 Year’s-

1684 732 1782 761 mind.

1684 1147 1864 1180 witnesses.

1674 1699 1739 1727 The
1754 1698 1857 1737 Chap-

1675 1740 1721 1768 ter
1732 1739 1765 1767 of
1775 1738 1876 1776 Ripon

1674 1782 1705 1806 tn
1721 1777 1822 1816 Ralph

1673 1817 1725 1846 the
1742 1817 1855 1847 Smith.

1668 2469 1720 2499 Wi
1725 2473 1790 2501 tnoe
1794 2480 1854 2503 ses.
