1935 3151
591 153 820 188 ORIGINAL·
854 153 1145 188 DOCUMENTS.

100 280 240 321 neque
262 265 316 306 de
348 264 516 306 duabus
547 267 653 307 acris
683 270 808 307 terrae
839 266 1069 320 praedictis,
1092 279 1142 307 eo
1163 266 1277 320 quod
1300 266 1506 320 magister
1527 265 1634 305 dicti

101 331 325 384 hospitalis
342 334 387 370 et
405 331 640 371 servientes
659 332 724 371 sui
738 332 783 371 in
801 330 966 381 eodem,
980 330 1152 370 molunt
1165 331 1298 371 libere
1316 330 1503 384 aliquam
1521 329 1635 369 mul-

101 399 245 436 turam
267 395 320 434 ad
342 394 638 434 molendinum
660 395 774 448 quod
801 395 960 435 dicitur
987 394 1028 434 N
1031 393 1276 449 orthmylne
1304 393 1636 447 Archiepiscopi.

102 459 264 499 Dicunt
286 460 461 511 insuper
483 459 611 512 quod,
635 458 851 499 defunctis
882 458 1009 498 dictis
1043 459 1255 499 sororibus
1277 457 1502 511 hospitalis
1533 471 1639 510 prae-

102 524 223 572 dicti,
245 521 601 575 Archiepiscopus
633 523 760 563 Ebor.
785 524 859 576 qui
887 526 993 562 tunc
1024 522 1123 573 fuit,
1145 523 1329 563 contulit
1351 523 1518 562 dictum
1538 520 1638 561 hos-

102 587 232 641 pitale
254 586 424 626 cuidam
447 586 633 626 Roberto
655 587 707 626 de
731 585 975 627 Silkestone
996 586 1231 640 capellano,
1253 587 1306 626 ad
1327 586 1639 626 inveniendum

104 655 149 692 et
171 650 504 691 sustentandum
535 650 815 690 elemosinam
847 651 1110 704 praedictam,
1132 651 1335 691 videlicet
1356 651 1568 690 cantarias
1594 653 1640 690 et

103 715 304 768 leprosos.
368 714 483 753 Item
504 714 669 764 dicunt,
701 715 815 768 quod
846 713 1066 755 Johannes
1098 716 1149 755 de
1183 715 1421 769 Brideling'
1443 714 1638 765 clericus,

104 784 147 819 et
190 780 237 818 in
269 778 417 818 ordine
453 778 703 818 accolitatus
742 780 1020 828 constitutus,
1057 783 1124 819 est
1159 780 1366 833 magist-er
1399 779 1506 818 dicti
1542 777 1640 817 hos-

103 843 263 898 pitalis,
288 857 338 882 ex
368 842 596 882 collacione
628 843 793 882 domini
815 843 1021 883 willelmi
1052 843 1104 884 de
1136 844 1318 893 Melton‚
1343 856 1481 896 nuper
1512 842 1638 882 Ebor.

103 906 446 960 Archiepiscopi3
478 910 524 946 et
554 906 639 946 fuit
670 920 746 960 per
776 921 914 947 unum
946 921 1109 947 annum
1131 911 1175 947 et
1197 907 1427 947 dimidium
1450 907 1641 960 proximo

103 972 370 1025 praeteritum
420 970 623 1024 magister
663 971 840 1011 ibidem.
902 972 1032 1022 Item,
1072 972 1272 1025 requisiti
1313 984 1368 1011 an
1410 970 1643 1011 elemosina

103 1036 308 1089 praedicta
328 1035 410 1074 alia
432 1048 560 1074 onera
580 1034 696 1075 dicto
717 1033 919 1088 hospitali
940 1035 1242 1075 incumbencia
1263 1038 1566 1075 sustentantur
1599 1037 1643 1074 et

105 1102 428 1153 supportantur,
450 1102 501 1138 ut
523 1098 746 1150 deberent,
778 1099 931 1139 dicunt
961 1099 1074 1152 quod
1106 1099 1282 1153 quidam
1310 1099 1553 1153 capellanus
1576 1102 1644 1139 est

105 1163 370 1203 substractus
411 1166 504 1203 toto
545 1165 737 1216 tempore
778 1163 976 1217 magistri
1017 1164 1092 1217 qui
1134 1177 1250 1203 nunc
1291 1167 1371 1213 est,
1409 1167 1454 1204 et
1495 1163 1643 1203 nullus

105 1227 299 1281 leprosus
334 1230 401 1267 est
440 1226 618 1278 ibidem,
653 1230 698 1267 et
734 1240 810 1280 per
845 1228 1103 1281 magistrum
1136 1241 1223 1267 non
1258 1231 1359 1278 stat,
1396 1228 1498 1281 quia
1531 1227 1644 1268 nulli

105 1295 332 1341 venerunt,
353 1305 431 1332 nec
453 1292 638 1332 veniunt
658 1292 848 1333 ibidem:
879 1305 964 1332 non
988 1296 1091 1332 sunt
1111 1293 1172 1333 ibi
1193 1292 1348 1332 fratres
1369 1306 1448 1332 nec
1471 1305 1644 1333 sorores.

105 1357 234 1406 Item,
261 1356 375 1409 quod
410 1355 643 1395 elemosina
673 1355 801 1395 datur
832 1356 1091 1409 pauperibus
1123 1357 1317 1410 quolibet
1350 1356 1461 1396 festo
1498 1356 1643 1396 Beatae

104 1420 253 1460 Mariae
284 1419 568 1474 Magdalenae.
631 1420 760 1470 Item,
782 1420 935 1460 dicunt
966 1422 1081 1474 quod
1113 1425 1308 1461 staurum
1339 1420 1506 1471 domus,
1531 1421 1644 1474 agri-

104 1485 287 1536 cultura,
325 1488 371 1524 et
406 1485 562 1524 Divina
603 1484 739 1524 officia
780 1484 973 1537 ejusdem
1015 1484 1258 1539 hospitalis,
1292 1486 1482 1538 exceptis
1527 1485 1644 1525 dicto

104 1549 323 1602 capellano
356 1549 590 1599 subtracto,
614 1552 659 1588 et
690 1548 874 1602 quadam
906 1549 1032 1589 domo
1063 1550 1106 1589 in
1141 1563 1226 1603 qua
1259 1549 1454 1590 solebant
1484 1549 1641 1602 leprosi

104 1626 293 1663 manere,
334 1626 430 1666 quae
460 1616 673 1666 prostrata
713 1612 798 1652 fuit
838 1617 1034 1666 tempore
1078 1614 1259 1654 Henrici
1301 1614 1353 1653 de
1392 1612 1643 1664 Shirehake‚

105 1677 321 1731 quondam
360 1677 559 1730 magistri
600 1677 707 1716 dicti
748 1675 986 1730 hospitalis,
1029 1681 1075 1717 et
1117 1678 1176 1717 sic
1217 1681 1285 1718 est
1325 1676 1489 1725 adhuc;
1533 1677 1643 1718 bene

105 1742 421 1781 custodiuntur.
483 1740 616 1790 Item,
634 1741 834 1794 requisiti
866 1754 921 1780 an
942 1740 1054 1780 facta
1086 1742 1143 1781 sit
1173 1741 1395 1791 alienacio,
1428 1754 1504 1780 seu
1535 1741 1644 1780 dila-

105 1804 272 1858 pidacio
316 1804 541 1854 bonorum,
582 1805 914 1857 possessionum,
958 1808 1002 1844 et
1044 1804 1214 1857 jurium
1255 1804 1362 1844 dicti
1402 1803 1643 1858 hospitalis,

106 1869 258 1908 dicunt
279 1868 392 1921 quod
414 1867 613 1907 dominus
635 1867 879 1907 VVillelmus
896 1868 948 1907 de
966 1868 1150 1918 Melton,
1167 1882 1307 1921 nuper
1324 1868 1450 1908 Ebor.
1468 1866 1643 1908 Archie-

106 1933 317 1985 piscopuS,
345 1931 543 1984 spoliavit
571 1931 737 1971 dictum
769 1930 992 1984 hospitale,
1015 1935 1208 1984 tempore
1240 1932 1346 1971 dicti
1378 1932 1557 1971 Henrici
1589 1932 1642 1972 de

107 1994 379 2045 Shirehakes,
401 1995 452 2035 de
475 1995 613 2035 tribus
635 1996 743 2034 acris
765 1999 903 2045 terrae,
921 1995 1087 2035 duabus
1101 1997 1206 2036 acris
1223 1996 1348 2048 prati,
1362 1999 1453 2036 tota
1468 2000 1642 2048 pastura

106 2073 180 2112 pro
215 2059 473 2099 animalibus
498 2059 728 2112 praedietis,
752 2062 798 2098 et
828 2059 952 2099 focali
975 2059 1193 2112 praedicto,
1216 2060 1262 2098 in
1284 2059 1400 2099 dicto
1432 2073 1557 2112 parco
1589 2060 1641 2099 de

106 2122 377 2177 Northscogh
395 2137 407 2172 ;
439 2126 483 2163 et
499 2123 592 2176 jam
615 2127 714 2163 sunt
735 2124 819 2163 ista
842 2123 1057 2163 subtracta
1087 2124 1135 2163 in
1165 2137 1299 2163 manu
1325 2124 1488 2163 domini
1510 2124 1642 2178 Regis

106 2189 180 2240 qui
211 2202 327 2227 nunc
359 2191 437 2228 est.
498 2186 627 2237 Item,
649 2188 847 2241 requisiti
878 2202 932 2227 an
963 2189 1170 2242 magister
1200 2189 1275 2241 qui
1306 2202 1420 2228 nunc
1443 2192 1523 2238 est,
1545 2202 1642 2242 pro-

108 2255 281 2291 secutus
324 2251 410 2291 fuit
435 2251 537 2305 jura
567 2252 786 2305 praedicta,
817 2252 971 2292 dicunt
1002 2252 1115 2305 quod
1146 2266 1233 2292 non
1275 2253 1434 2304 potuit,
1469 2256 1641 2305 propter

106 2315 365 2356 brevitatem
387 2317 593 2369 temporis
616 2317 681 2355 sui
705 2320 749 2356 et
770 2321 954 2356 mortem
971 2317 1116 2356 ultimi
1133 2315 1465 2369 Archiepiscopi.
1527 2317 1641 2356 Item

107 2380 272 2420 dictum
293 2379 504 2433 hospitale
536 2394 622 2420 non
653 2384 855 2420 oneratur
885 2381 969 2420 nisi
1000 2381 1047 2420 in
1078 2381 1304 2420 duodecim
1336 2381 1505 2431 marcis,
1527 2381 1642 2420 dieto

107 2442 295 2483 ,Iohanni
315 2444 354 2484 le
376 2445 582 2498 VVaryner
604 2448 647 2484 et
669 2444 834 2484 duobus
856 2444 1087 2497 capellanis
1109 2445 1323 2498 praedictis
1340 2445 1567 2493 solvendis,
1589 2459 1641 2484 ex

107 2520 233 2547 causa
254 2508 576 2560 praenominata.
639 2508 799 2548 Dicunt
832 2509 981 2557 eciam,
1004 2508 1118 2561 quod
1139 2509 1345 2562 magister
1367 2513 1411 2548 et
1433 2508 1640 2561 capellani

109 2571 175 2611 sui
197 2572 390 2624 praedicti
422 2576 524 2611 sunt
545 2571 665 2612 bonae
687 2572 811 2612 famae
843 2575 885 2612 et
919 2573 1257 2612 conversacionis
1288 2571 1492 2621 honestae,
1515 2576 1559 2611 et
1583 2573 1641 2611 sic

107 2639 364 2688 reputantur
391 2636 436 2675 in
458 2635 560 2674 villa
591 2635 758 2688 Ripon’‚
791 2640 835 2675 et
861 2636 975 2689 quod
1006 2636 1172 2676 dictum
1203 2635 1412 2689 hospitale
1434 2635 1641 2675 fundatur

108 2698 161 2737 de
183 2699 520 2751 possessionibus
551 2699 860 2752 temporalibus
891 2701 1094 2741 tantum.¹
1158 2701 1210 2740 In
1242 2714 1424 2753 quorum
1446 2701 1641 2740 omnium

108 2762 410 2802 testimonium
431 2763 537 2802 dicti
553 2762 689 2816 jurati
712 2763 851 2817 sigilla
873 2777 949 2803 sua
970 2764 1253 2817 praesentibus
1275 2766 1581 2816 apposuerunt.

184 2861 240 2906 (1)
265 2862 406 2897 Videsis
431 2863 512 2898 Ese.
534 2863 581 2898 26
601 2863 704 2898 Edw.
726 2863 804 2908 111„
823 2875 858 2899 n.
877 2864 935 2908 61,
953 2864 995 2900 de
1021 2869 1118 2900 statu
1145 2864 1311 2899 similiter
1336 2863 1496 2910 ejusdem
1521 2863 1641 2911 hospi-

110 2913 194 2949 talis
214 2915 286 2958 (see
303 2914 447 2961 below).

863 2982 890 3013 Q

1771 139 1866 186 225

1669 271 1743 309 paid
1757 271 1806 300 for

1673 312 1810 339 Dunsce-

1670 351 1759 385 with,
1774 354 1833 380 etc.

1672 723 1739 752 The
1759 726 1875 752 master

1675 764 1700 792 is
1717 764 1749 792 in
1765 772 1835 792 aco-

1674 803 1769 840 lyte's

1674 842 1789 871 orders.

1675 978 1743 1008 The
1751 977 1877 1016 charity

1676 1018 1703 1047 is
1717 1021 1771 1046 not
1786 1018 1838 1046 dul
1843 1027 1866 1056 y

1678 1057 1829 1086 adminis-

1677 1097 1773 1126 tered.

1677 1425 1744 1455 The
1758 1426 1868 1454 house-

1677 1470 1757 1495 store
1769 1466 1795 1494 is
1808 1466 1879 1494 well

1678 1505 1762 1542 kept,
1779 1505 1837 1534 but

1678 1554 1696 1573 a
1711 1545 1822 1582 leper's

1678 1584 1775 1613 house
1790 1583 1818 1612 is

1678 1623 1786 1660 pulled

1678 1663 1779 1692 down.

1677 1873 1780 1902 Arch-

1677 1913 1788 1950 bishop

1677 1952 1797 1981 Melton
1810 1953 1869 1982 has

1677 1992 1792 2020 robbed
1808 1993 1862 2020 the

1676 2030 1813 2067 hospital
1829 2031 1862 2060 of

1675 2070 1760 2106 land,
1776 2074 1836 2101 etc.

1675 2196 1835 2227 Evidence

1676 2246 1709 2265 as
1724 2241 1755 2265 to
1770 2238 1825 2265 the

1676 2279 1802 2311 master,
1815 2280 1875 2307 etc.
