1935 3151
613 135 839 170 0R1GINAL
877 134 1032 167 DOCUM
1041 135 1164 168 EN'rs.

218 248 591 291 Endorsed—Pro
621 248 810 302 capitulo
843 247 1007 301 Ripon’.
1070 246 1348 288 &affirmas-io
1379 249 1579 288 mutarim
1610 250 1662 288 ad

124 314 260 355 altare
283 315 429 355 Sancti
451 312 660 353 Johannis
686 312 1096 367 Evangelistae.—B.
1120 312 1189 352 56.

130 467 346 503 LXXVIII.
374 466 547 502 ROYAL
583 466 799 501 LICENOE
834 465 932 501 FOR
966 465 1032 501 ST.
1073 465 1339 501 ANDREW’S
1373 466 1652 502 CHANTRY.¹

587 542 773 587 (WALBRA
780 542 832 576 x's
851 541 927 576 MS.
947 540 1209 586 collectionsfl)

216 624 464 674 Edwardus,
497 623 577 663 Dei
614 624 757 678 gracia
793 637 866 664 rex
900 623 1082 678 Angliae‚
1123 623 1324 664 dominus
1366 624 1588 664 Hiberniae
1622 626 1667 664 et

128 688 387 743 Aquitaniae,
438 688 637 728 omnibus
688 688 742 727 ad
783 701 887 741 quos
929 691 1160 740 praesentes
1203 688 1338 728 literae
1378 689 1667 742 pervenerint,

129 752 330 793 salutem.
393 752 548 792 Sciatis
581 752 694 805 quod
725 753 777 792 de
809 752 952 807 gracia
983 755 1127 791 nostra
1161 752 1333 805 speciali
1365 753 1667 803 concessimus,

129 821 175 857 et
211 816 435 856 licenciam
477 816 676 856 dedimus
718 830 792 869 pro
823 815 945 855 nobis
977 820 1022 855 et
1055 815 1298 856 haeredibus
1329 817 1500 867 nostris,
1532 831 1668 871 quan-

127 885 224 921 tum
272 882 317 920 in
359 880 478 920 nobis
529 885 610 930 est,
646 881 804 920 dilecto
849 881 960 920 clero
1007 885 1151 921 nostro
1193 881 1330 921 David
1371 881 1424 921 de
1466 881 1668 933 VVollore,

126 945 241 999 quod
273 945 363 998 ipse
386 944 612 984 duodecim
646 946 904 999 messuagia,
936 945 1022 984 duo
1048 945 1239 999 gardina,
1271 949 1365 985 octo
1395 959 1511 985 acras
1543 949 1668 986 terrae

127 1014 174 1049 et
220 1008 459 1059 dimidiam,
507 1022 638 1048 unam
679 1022 819 1048 acram
868 1009 979 1062 prati
1022 1013 1066 1049 et
1107 1009 1348 1059 dimidiam,
1390 1013 1436 1048 et
1487 1010 1668 1064 triginta

130 1079 173 1114 et
217 1074 410 1127 quinque
452 1073 652 1113 solidatas
687 1078 732 1113 et
766 1078 861 1113 octo
904 1074 1130 1113 denaratas
1165 1074 1360 1114 redditus
1392 1088 1491 1114 cum
1534 1077 1669 1129 perti-

129 1138 295 1178 nenciis
337 1138 382 1176 in
425 1136 593 1190 Ripon’,
635 1152 730 1191 quae
782 1138 958 1192 quidem
994 1139 1250 1193 messuagia,
1291 1139 1487 1193 gardina,
1529 1144 1669 1189 terrae,

130 1205 176 1241 et
212 1206 384 1255 pratum
422 1201 537 1241 ultra
574 1202 792 1241 redditum
825 1202 1079 1255 praedictum
1117 1203 1260 1242 valent
1300 1217 1375 1256 per
1411 1217 1590 1254 annum,
1625 1205 1666 1243 in

129 1266 330 1305 omnibus
353 1265 556 1316 exitibus,
573 1266 858 1320 quadraginta
876 1270 920 1306 et
934 1270 1100 1320 septem
1124 1266 1278 1307 solidos
1296 1271 1337 1306 et
1354 1270 1448 1307 octo
1462 1268 1670 1317 denarios,

131 1331 244 1370 sicut
274 1344 350 1383 per
381 1330 688 1383 inquisiciones
720 1331 820 1370 inde
853 1344 928 1384 per
959 1330 1168 1370 dilectum
1200 1331 1322 1370 nobis
1354 1330 1594 1372 ¹Iohannem
1619 1334 1671 1373 de

131 1393 428 1435 Scotherskelf
446 1394 719 1434 Escaetorem
742 1398 939 1434 nostrum
962 1395 1006 1434 in
1028 1396 1239 1435 comitatu
1259 1395 1386 1436 Ebor.
1402 1396 1453 1436 de
1470 1397 1672 1436 mandato

130 1463 275 1499 nostro
295 1462 441 1512 captas
465 1462 509 1498 et·
529 1459 574 1498 in
597 1459 849 1499 cancellaria
871 1462 1016 1499 nostra
1037 1463 1276 1499 retornatas
1299 1464 1361 1501 est
1386 1465 1671 1514 compertum,

129 1524 229 1563 dare
252 1524 387 1577 possit
409 1527 453 1563 et
475 1523 706 1577 assignare,
728 1523 931 1564 videlicet
943 1524 1092 1564 decem
1107 1525 1363 1578 messuagia,
1381 1525 1466 1564 duo
1479 1525 1671 1579 gardina,

129 1591 227 1627 octo
247 1601 363 1627 acras
384 1591 508 1627 terrae
530 1591 575 1627 et
597 1587 838 1638 dimidiam,
860 1602 991 1628 unam
1013 1602 1152 1628 acram
1175 1589 1288 1641 prati
1309 1592 1354 1628 et
1375 1589 1615 1640 dimidiam,
1631 1594 1675 1629 et

130 1652 312 1707 triginta
342 1654 386 1692 et
417 1652 608 1705 quinque
641 1651 843 1692 solidatas
874 1656 916 1692 et
950 1656 1044 1692 octo
1074 1652 1302 1693 denaratas
1335 1653 1543 1704 redditus,
1573 1668 1673 1694 cum

132 1716 411 1769 pertinenciis
453 1715 553 1755 inde
585 1716 755 1756 cuidam
784 1716 1004 1769 capellano
1035 1717 1181 1757 divina
1213 1717 1396 1771 singulis
1437 1717 1589 1758 diebus
1621 1719 1674 1758 ad

130 1780 267 1820 altare
295 1779 440 1820 Sancti
463 1780 643 1820 Andreae
674 1780 718 1819 in
751 1781 927 1820 ecclesia
949 1781 1177 1835 collegiata
1201 1781 1353 1835 Ripon’
1376 1781 1644 1822 celebraturo
1663 1797 1673 1832 3

133 1843 395 1885 Habendum
427 1847 472 1883 et
502 1844 742 1884 tenendum
775 1845 915 1884 eidem
937 1846 1160 1899 capellano
1182 1849 1225 1885 et
1249 1846 1562 1886 successoribus
1586 1848 1673 1886 suis

131 1908 365 1962 capellanis
402 1908 560 1948 Divina
593 1909 776 1963 singulis
817 1909 971 1949 diebus
1011 1910 1065 1950 ad
1096 1910 1230 1950 altare
1273 1910 1530 1964 praedictum
1561 1911 1675 1951 cele-

133 1973 306 2014 braturo
332 1973 376 2012 in
413 1974 817 2027 augmentacionem
855 1974 1186 2014 sustentacionis
1218 1987 1304 2014 suae
1336 1975 1674 2028 imperpetuum,

133 2041 176 2077 et
209 2036 381 2077 residua
422 2037 507 2077 duo
539 2037 780 2092 messuagia
812 2051 911 2077 cum
943 2038 1223 2091 pertinenciis
1253 2039 1444 2092 capitulo
1486 2040 1675 2080 ecclesiae

134 2099 313 2154 Ripon';
345 2099 530 2140 habend.
564 2104 609 2140 et
639 2101 816 2141 tenend.
849 2102 990 2142 eidem
1020 2102 1211 2155 capitulo
1235 2102 1289 2142 ad
1311 2103 1674 2143 sustentacionem

135 2164 307 2205 fabricae
329 2164 519 2205 ecclesiae
541 2165 756 2218 praedictae
777 2166 1113 2220 imperpetuum.
1177 2167 1234 2206 Et
1255 2169 1345 2206 tam
1368 2166 1511 2206 eidem
1534 2167 1676 2220 capel-

134 2229 232 2269 lano
251 2229 366 2283 quod
389 2229 479 2283 ipse
501 2228 618 2269 dicta
638 2229 787 2270 decem
810 2231 1067 2285 messuagia,
1081 2230 1276 2284 gardina,
1299 2234 1473 2280 terram,
1488 2235 1675 2284 pratum,

135 2297 180 2334 et
215 2293 435 2333 redditum
467 2307 567 2333 cum
601 2295 897 2347 pertinenciis,
929 2308 1059 2348 quam
1092 2295 1295 2348 praedicto
1325 2295 1528 2347 capitulo,
1561 2296 1674 2348 quod

136 2357 219 2410 ipsi
250 2357 420 2397 residua
451 2357 536 2398 duo
557 2358 801 2412 messuagia
832 2372 930 2398 cum
962 2359 1241 2412 pertinenciis
1272 2371 1297 2398 a
1328 2358 1505 2411 praefato
1537 2359 1673 2399 David

134 2421 322 2474 recipere
344 2421 509 2474 possint
532 2425 577 2462 et
590 2426 739 2462 tenere
755 2422 835 2462 sibi
849 2426 893 2462 et
909 2422 1218 2462 successoribus
1236 2423 1324 2462 suis
1341 2423 1675 2476 imperpetuum,

208 2521 264 2565 (1)
292 2521 367 2556 The
386 2521 639 2567 Archbishop's
656 2522 790 2557 licence
808 2522 883 2556 will
899 2521 942 2557 be
961 2522 1070 2557 found
1099 2522 1132 2557 in
1161 2523 1333 2558 Extracts
1351 2523 1440 2558 from
1459 2523 1671 2569 Thoresby‘s

137 2574 310 2619 Reqistem
329 2573 440 2608 under
458 2575 549 2620 Apr.
571 2575 627 2618 10,
648 2575 750 2609 1369.

207 2626 263 2672 (2)
283 2625 458 2661 Walbran
474 2628 614 2672 says-³
626 2626 701 2661 The
715 2626 901 2673 following
916 2627 944 2661 is
959 2628 1177 2662 transcribed
1189 2628 1279 2663 from
1295 2628 1355 2662 the
1369 2627 1518 2673 original
1533 2628 1674 2663 charter

139 2689 220 2712 now
238 2679 274 2712 in
292 2677 354 2712 the
377 2679 573 2725 possession
594 2678 635 2714 of
655 2679 751 2713 John
770 2679 916 2722 Dalton,
931 2679 1022 2727 jun.‚
1040 2680 1136 2727 Esq.‚
1155 2681 1195 2715 of
1215 2680 1277 2714 the
1303 2680 1457 2726 Grange,
1485 2680 1675 2727 Slenning-

135 2730 224 2764 ford.
274 2729 311 2764 It
328 2730 391 2764 has
409 2742 429 2765 a
451 2743 535 2777 very
560 2730 735 2765 beautiful
753 2732 822 2766 and
848 2732 981 2779 perfect
1009 2732 1214 2779 impression
1241 2733 1282 2767 of
1302 2732 1363 2766 the
1388 2738 1488 2777 great
1516 2734 1586 2768 sea]
1613 2746 1675 2780 ap·

137 2784 271 2830 pended
290 2789 329 2818 to
346 2784 386 2822 it.
406 2785 476 2819 and
502 2785 563 2820 the
583 2786 698 2820 initial
726 2787 830 2821 letter
847 2788 918 2821 and
945 2799 1054 2834 upper
1071 2788 1209 2834 margin
1236 2799 1292 2821 are
1322 2787 1522 2834 splendidly
1542 2788 1675 2823 illumi-

137 2837 267 2870 nated.'
315 2836 387 2871 For
414 2837 519 2872 other
548 2838 756 2873 documents
783 2839 936 2885 relating
968 2845 1005 2875 to
1035 2840 1107 2874 this
1135 2840 1300 2885 chami-y,
1329 2851 1382 2872 see
1412 2838 1608 2875 enrolment
1638 2842 1678 2878 Of

137 2888 309 2929 chartei-s,
326 2889 452 2925 below.

898 2958 930 2987 31

1801 124 1889 169 1431

1702 631 1873 660 A.n.1367.

1702 686 1836 716 Edward

1704 726 1766 756 111.
1783 731 1893 764 grants

1704 771 1735 795 to
1753 765 1857 794 David

1702 807 1740 835 de
1754 804 1893 833 lVollore

1702 844 1819 874 licence

1705 884 1794 921 (Pat.
1814 884 1863 918 42,

1704 923 1742 954 G.
1753 924 1781 957 3,
1795 932 1865 960 pars
1876 924 1902 959 2,

1705 973 1744 992 m.
1766 964 1828 1001 15).

1707 1792 1740 1818 to
1755 1789 1851 1819 found
1867 1799 1885 1819 a

1708 1830 1841 1866 chanxry
1863 1834 1895 1858 at

1708 1869 1754 1898 St.
1774 1869 1841 1896 An-

1710 1908 1819 1936 drew's

1709 1947 1800 1984 altar,

1709 2040 1770 2068 and
1791 2040 1897 2078 assign

1710 2083 1773 2108 two
1792 2088 1870 2108 mes-

1710 2127 1822 2154 sunges
1837 2119 1885 2147 for

1711 2159 1764 2186 the
1780 2158 1887 2186 fabric.
