1935 3151
565 131 792 176 ORIGINAL
829 131 1116 165 DOCUMENTS.

78 247 301 287 custodem
333 246 650 300 deputavimus,
682 249 727 287 et
755 244 848 300 ejus
885 244 1198 285 successoribus
1230 245 1272 283 in
1306 244 1420 283 dicta
1454 244 1616 296 capella

79 312 372 362 celebraturis,
388 325 435 351 ac
457 311 664 351 domuum
687 315 731 351 et
752 310 884 350 clausi
907 309 1010 349 dicti
1034 309 1215 348 manerii
1236 308 1475 348 custodiam
1498 306 1619 347 habi-

79 376 202 425 turis,
219 376 475 415 auctoritate
492 375 729 428 pontificali
750 375 917 424 damus,
934 373 1221 418 concedimus,
1236 379 1278 412 et
1296 373 1619 425 imperpetuum

79 440 361 493 assignamus.
424 439 681 480 ordinamus
715 440 904 492 insuper,
942 442 983 477 et
1023 437 1103 477 sub
1139 437 1429 477 obtestacione
1471 436 1619 475 Divini

74 503 230 557 judicii
272 504 431 543 futuris
462 507 670 556 perpetuo
701 502 969 556 temporibus
1010 500 1316 541 inviolabiliter
1347 500 1619 540 decernimus

81 568 408 618 observandum,
446 572 496 607 ut
531 567 888 620 quandocumque
937 569 981 606 et
1027 566 1417 618 quocienscumque
1459 564 1620 604 dictam

80 633 315 672 cantariam
348 635 443 684 post
475 631 642 671 obitum
679 635 874 671 nostrum
917 644 967 670 ex
1003 643 1276 683 quacumque
1311 642 1437 668 causa
1474 641 1620 668 vacare

80 696 328 750 contigerit,
369 695 598 745 ordinacio,
640 695 828 745 collaci0,
864 708 938 734 seu
971 694 1156 747 provisio
1189 693 1386 747 ejusdem
1422 692 1620 732 cantariae

81 773 271 813 personae
292 760 455 799 idoneae
472 759 680 809 facienda,
701 759 754 799 ad
776 758 1016 812 capitulum
1034 761 1229 797 nostrum
1248 757 1374 797 Ebor.
1391 757 1621 810 pertineat,

80 837 167 864 una
199 838 298 863 cum
324 823 621 877 jurisdiccioni
651 823 897 863 omnimoda
929 822 1144 875 spirituali
1174 822 1428 862 immediata
1460 821 1504 859 in
1527 834 1623 873 per-

82 902 229 928 sonam
269 887 477 941 capellani
518 888 593 940 qui
623 901 699 940 pro
729 891 923 940 tempore
954 886 1102 935 fuerit,
1133 899 1300 925 necnon
1333 885 1620 925 destitucione

80 953 217 1006 ipsius
243 953 293 1003 si,
312 952 398 991 suis
415 951 553 1005 culpis
577 951 866 1006 exigentibuS,
884 964 984 990 eum
1001 950 1189 990 viderint
1206 949 1493 989 amovendum
1510 962 1520 996 ;
1542 946 1622 987 hoc

80 1020 228 1056 tamen
249 1014 443 1056 adhibito
464 1015 772 1065 moderamine,
790 1018 841 1054 ut
860 1015 896 1054 si
917 1014 1079 1054 dictam
1096 1015 1329 1053 cantariam
1346 1012 1624 1066 quovismodo

82 1094 229 1120 vacare
244 1080 473 1134 contigerit
486 1093 562 1133 per
570 1079 719 1119 decem
727 1079 818 1119 dies
831 1078 1037 1120 continue
1051 1077 1352 1128 numerandos,
1362 1090 1623 1117 successores

82 1145 219 1185 nostri
251 1145 326 1197 qui
357 1158 433 1198 pro
464 1148 657 1197 tempore
689 1144 853 1183 fuerint
884 1156 960 1196 pro
990 1143 1105 1182 dicta
1136 1142 1323 1182 cantaria
1356 1146 1401 1181 et
1431 1141 1625 1181 custodia

83 1209 293 1249 domuum
325 1212 370 1248 et
395 1208 529 1248 clausi
551 1208 732 1248 manerii
756 1207 987 1260 saepedicti,
1010 1206 1177 1259 possint
1198 1206 1250 1246 de
1272 1219 1451 1259 persona
1472 1205 1625 1244 idonea

83 1273 319 1326 providere.
380 1272 594 1312 Praeterea
617 1272 848 1311 statuimus
870 1274 912 1310 et
937 1271 1072 1310 eciam
1094 1271 1339 1310 ordinamus
1361 1270 1474 1323 quod
1496 1269 1625 1322 quili-

83 1337 157 1377 bet
195 1336 439 1390 capellanus
470 1337 516 1376 in
548 1336 664 1376 dicta
696 1335 873 1388 capella,
905 1338 956 1374 ut
989 1335 1286 1387 praemittitur,
1317 1333 1625 1383 celebraturus,

83 1404 258 1455 propter
279 1399 485 1440 honorem
508 1400 698 1440 ecclesiae
725 1398 891 1453 Rypon'
914 1398 1098 1452 singulis
1130 1397 1281 1438 diebus
1314 1397 1548 1437 Dominicis
1581 1400 1627 1436 et

85 1465 220 1505 eciam
235 1464 528 1517 solempnibus
541 1468 586 1504 et
598 1464 766 1504 festivis
780 1464 825 1502 in
843 1463 1023 1503 ecclesia
1036 1462 1142 1515 ipsa,
1161 1462 1268 1501 sicut
1284 1462 1419 1514 ipsius
1437 1461 1626 1500 ecclesiae

84 1529 234 1569 vicarii
271 1533 316 1568 et
347 1529 536 1568 ministri
567 1528 710 1568 caeteri
739 1526 939 1567 habitum
970 1529 1129 1581 gestet,
1161 1529 1205 1566 et
1235 1526 1375 1565 missae
1397 1524 1548 1578 majori
1578 1538 1626 1564 ac

85 1592 440 1647 processionibUS,
455 1593 657 1645 quociens
681 1605 749 1631 eas
767 1591 860 1631 fieri
877 1591 1122 1645 contigerit,
1139 1590 1310 1643 publice
1332 1590 1520 1638 intersit,
1541 1589 1627 1628 nisi

84 1657 340 1697 infirmitate
362 1656 431 1696 vel
452 1657 535 1696 alia
557 1656 749 1696 evidenti
771 1658 815 1695 et
846 1655 1041 1708 legitima
1071 1668 1198 1693 causa
1218 1653 1351 1693 fuerit
1372 1653 1625 1706 impeditus.

87 1721 150 1762 Ut
180 1722 316 1775 igitur
346 1721 565 1774 praemissa
587 1721 731 1760 omnia
754 1723 797 1759 et
820 1719 992 1774 singula
1012 1718 1140 1758 robur
1162 1718 1386 1758 obtineant
1406 1720 1626 1770 perpetuae

87 1785 319 1836 firmitatis,
334 1788 590 1838 praesentem
606 1785 861 1838 scripturam
877 1783 1008 1837 sigilli
1021 1783 1157 1823 nostri
1170 1782 1429 1836 appensione
1446 1781 1626 1821 fecimus

89 1849 360 1889 communiri.
404 1850 511 1888 Acta
532 1852 576 1888 et
598 1849 699 1889 data
714 1848 828 1901 apud
846 1846 1036 1898 Cawode‚
1052 1847 1138 1886 xv‘0
1154 1846 1223 1886 die
1240 1846 1400 1886 mensis
1419 1844 1628 1895 Octobris,

88 1913 214 1953 Anno
251 1912 417 1953 Graciae
451 1912 686 1952 Millesimo
721 1916 840 1951 00οωο
873 1914 1027 1964 quarto
1059 1910 1241 1960 decimo,
1276 1913 1320 1949 et
1354 1908 1629 1962 pontificatus

89 1978 225 2016 nostri
246 1990 371 2016 nono.

180 2041 233 2080 In
254 2041 378 2094 cujus
400 2039 682 2093 inspecciom's
711 2038 1027 2087 testimonium,
1049 2036 1124 2077 has
1149 2037 1318 2077 litteras
1349 2039 1516 2076 nostras
1537 2036 1631 2076 fieri

91 2105 408 2155 mandavimus,
430 2118 536 2158 quas
557 2104 694 2143 nostri
717 2103 849 2158 sigilli
871 2102 1130 2156 appensione
1153 2101 1335 2141 fecimus
1357 2101 1629 2140 communiri.

92 2170 192 2209 Dat.
229 2169 343 2222 apud
381 2167 546 2222 Rypon’
581 2167 736 2221 quinto
767 2167 837 2207 die
869 2166 1029 2206 mensis
1061 2165 1269 2215 Januarii,
1301 2165 1426 2204 Anno
1457 2164 1631 2204 Domini

94 2233 330 2274 Millesimo
351 2232 591 2286 cccxlyijm,
614 2235 656 2271 et
679 2230 957 2285 pontificatus
978 2230 1114 2269 nostri
1137 2229 1284 2269 sexto.¹

96 2377 291 2413 LXXVII.
328 2375 712 2413 OONFIRMATION
738 2376 806 2410 BY
831 2374 935 2409 THE
969 2373 1211 2408 CIIAPTER
1243 2373 1305 2407 OF
1334 2372 1440 2407 THE
1470 2372 1633 2408 ARCH-

384 2429 608 2464 BISHOP’S
642 2427 864 2463 LICENCE
897 2426 996 2461 FOR
1029 2427 1065 2460 A
1099 2425 1374 2460 ΟΗΑΝΤΗῩ.2

630 2498 775 2542 (ΒΙΡΟΝ
805 2495 988 2530 CHAPTER
1013 2494 1110 2539 MS.)

764 2565 828 2608 (10
843 2565 987 2607 letters.)

188 2644 410 2684 Universis
454 2642 620 2683 Sanctae
652 2641 805 2681 Matris
837 2641 1037 2680 Ecclesiae
1068 2640 1168 2680 filiis
1202 2643 1433 2694 praesentes
1470 2640 1635 2679 litteras

101 2707 316 2760 tripartite
333 2707 580 2746 indentatas
601 2705 875 2758 inspecturis,
898 2703 1147 2757 Capitulum
1169 2703 1368 2743 Ecclesiae
1391 2702 1635 2756 Collegiatae

177 2793 233 2837 (l)
260 2791 369 2826 From
386 2803 407 2825 a
425 2790 618 2837 transcript
634 2790 681 2835 by
700 2791 828 2824 Canon
852 2789 977 2824 Raine.
1027 2789 1099 2824 For
1116 2790 1177 2824 the
1194 2789 1310 2834 king's
1327 2789 1460 2823 lic-enee
1478 2800 1535 2822 see
1553 2789 1634 2823 Pat.

104 2847 127 2880 8
144 2845 187 2879 E.
206 2846 240 2887 2,
256 2855 338 2890 pars
355 2843 387 2886 1,
405 2855 451 2877 m.
471 2844 528 2886 18,
546 2843 616 2877 and
634 2842 776 2877 further
790 2842 824 2876 in
840 2842 960 2877 Claus.
977 2843 1021 2876 12
1039 2842 1081 2876 E.
1098 2843 1132 2885 2,
1150 2854 1196 2876 m.
1215 2843 1237 2875 2
1258 2841 1364 2886 (ΤΒ.
1383 2841 1477 2887 apud
1498 2840 1635 2878 Ebor.).

179 2896 236 2940 (2)
263 2895 328 2930 See
353 2899 512 2929 extracta
537 2894 630 2929 from
648 2894 859 2941 Thoresby's
878 2894 1049 2939 Reqister,
1066 2893 1195 2937 below,
1214 2893 1326 2929 under
1344 2893 1436 2928 Nor.
1455 2893 1513 2936 22,
1532 2893 1637 2934 1365,

106 2949 177 2983 and
195 2948 277 2982 Jan.
295 2948 329 2991 3,
347 2947 522 2982 1:370-71.

1759 119 1781 163 1
1792 119 1818 164 Γ)
1826 120 1852 161 ἑ)

1654 250 1715 278 and
1731 249 1779 278 his

1653 298 1834 318 successor-s.

1657 443 1835 479 Patronage

1656 487 1688 511 to
1705 487 1765 510 rest
1777 483 1854 511 with

1656 522 1710 550 the
1727 522 1828 558 Chap-

1657 564 1703 590 ter
1718 563 1751 590 of
1763 561 1855 596 York,

1657 831 1734 860 with
1753 831 1844 868 spiri-

1659 871 1727 899 tual
1739 871 1836 908 juris-

1658 910 1786 940 diction.

1658 1273 1725 1302 'rhe
1744 1274 1837 1311 chap-

1659 1312 1723 1341 lain
1741 1317 1772 1341 to

1659 1352 1815 1381 celebrate

1659 1392 1691 1420 in
1708 1392 1764 1420 the

1661 1430 1788 1459 (Ἴωνι-1]
1804 1430 1840 1459 of

1661 1470 1764 1507 Ripou
1779 1479 1819 1498 on

1660 1509 1771 1537 Lord's

1662 1548 1758 1584 baffi-S,
1775 1550 1846 1582 etc„

1661 1588 1721 1616 and
1738 1588 1849 1616 attend

1661 1636 1694 1656 as
1709 1627 1748 1655 do
1763 1627 1816 1655 the

1660 1667 1771 1700 vic-ars,
1788 1668 1846 1695 etc.

1662 1855 1810 1889 Cawood‚

1662 1894 1733 1924 Oct.
1749 1896 1798 1924 15.

1664 2048 1779 2086 Ripon,

1663 2088 1737 2118 Jan.
1752 2089 1783 2117 5.

1668 2657 1736 2681 ΑΛ).
1754 2650 1829 2679 1365

1669 2705 1808 2739 Chapter
1823 2734 1827 2738 ,

1668 2745 1702 2774 of
1716 2745 1829 2782 Ripon.
