1915 3068
446 162 679 197 EXCERPTS
714 163 844 197 FRoM
880 163 1185 207 CHRONICLES,
1222 163 1317 196 ETC.

108 278 290 315 turnum
310 275 507 315 omnium
528 275 726 316 brevium
757 276 888 330 Regis
920 277 966 316 in
996 279 1179 329 utraque
1210 276 1328 326 villa,
1352 278 1397 316 et
1419 275 1454 315 si
1484 275 1645 328 aliquis

106 339 160 379 de
192 353 238 379 re
279 339 422 393 aliqua
452 339 565 379 infra
595 340 843 381 libertatem
874 341 1010 394 ipsius
1040 339 1361 394 Archiepiscopi
1394 339 1644 393 praedictam

107 404 400 457 implacitatus
430 404 563 444 fuerit
594 419 738 444 coram
764 405 1019 459 justiciariis
1051 405 1105 445 de
1139 404 1282 445 Banco
1316 404 1480 444 domini
1512 404 1645 458 Regis

107 467 248 507 locum
282 481 409 507 suum
440 469 710 520 tenentibus,
732 469 801 509 vel
832 483 975 509 coram
1001 468 1257 523 justiciariis
1279 469 1333 508 de
1355 469 1499 508 Banco
1530 468 1645 521 apud

107 532 556 583 VVestmonasterium,
588 537 634 573 et
664 533 846 573 ballivus
888 532 1209 587 Archiepiscopi
1241 536 1540 586 competenter
1572 546 1646 585 pe-

107 596 230 636 cierit
251 597 369 635 curia
396 610 485 646 sua,
518 600 615 648 etc.,
639 598 679 637 ei
706 597 972 647 conceditur,
994 601 1039 637 et
1059 602 1165 637 tunc
1191 597 1426 651 justiciarii
1458 597 1645 636 liberant

108 660 265 700 ballivo
308 674 383 700 suo
424 661 603 714 plenum
640 662 879 712 recordum,
923 675 1009 701 una
1051 676 1151 701 cum
1194 662 1455 715 transcripto
1499 661 1643 700 brevis

107 725 342 777 originalis,
374 728 472 776 etc.,
505 729 549 765 et
580 725 728 766 ballivi
765 727 899 779 ipsius
931 725 1251 780 Archiepiscopi
1283 727 1328 765 in
1359 726 1478 766 curia
1509 726 1645 779 ipsius

106 787 425 842 Archiepiscopi
447 790 634 830 audiunt
656 794 700 829 et
722 791 962 830 terminant
978 789 1230 844 hujusmodi
1245 791 1466 844 placitum.
1530 790 1586 828 Et·
1609 790 1644 828 si

106 853 241 892 altera
263 854 455 906 parcium
477 858 578 894 ante
595 854 813 907 judicium
844 855 1022 894 redierit
1055 855 1108 894 ad
1130 856 1294 894 curiam
1320 855 1485 894 domini
1510 854 1642 907 Regis

105 922 150 956 et
171 918 353 970 pecierit
373 931 397 956 a
413 917 563 970 justic’
576 919 689 971 quod
707 918 876 971 loquela
894 919 1210 958 resumoniatur
1228 933 1304 972 pro
1321 919 1464 971 aliqua
1485 918 1646 971 injuria

105 982 144 1021 ei
167 981 291 1031 facta,
314 982 353 1021 ei
373 982 638 1032 conceditur,
655 987 699 1022 et
722 983 756 1022 si
778 983 912 1035 possit
926 983 1142 1023 verificare
1157 983 1363 1037 injuriam
1387 983 1467 1022 sibi
1484 982 1642 1021 factam

104 1049 205 1085 ante
231 1046 463 1099 judicium,
495 1050 577 1087 etc.
599 1047 811 1100 placitum
841 1047 951 1086 illud
973 1047 1019 1086 in
1051 1047 1169 1086 curia
1200 1047 1364 1086 domini
1391 1047 1522 1100 Regis
1554 1049 1641 1085 ter-

105 1111 356 1150 minabitur.
418 1110 583 1151 Clamat
606 1112 741 1151 eciam
772 1111 824 1151 ab
856 1112 1036 1165 antiquo
1067 1112 1308 1151 custodiam
1340 1112 1564 1164 prisonum
1595 1111 1641 1150 in

104 1179 286 1228 utraque
308 1175 421 1215 villa.
485 1175 649 1216 Clamat
678 1176 814 1215 eciam
839 1176 892 1215 ab
921 1176 1099 1228 antiquo
1127 1176 1485 1215 deliberacionem
1507 1175 1640 1228 gaolae

103 1238 242 1278 facere
266 1239 344 1279 sub
366 1238 446 1279 hac
468 1239 602 1279 forma
623 1240 676 1279 de
708 1239 794 1278 illis
826 1240 900 1292 qui
932 1241 1047 1293 capti
1074 1243 1177 1279 sunt
1198 1240 1244 1278 in
1267 1240 1466 1279 libertate
1491 1253 1566 1278 sua
1587 1239 1640 1278 ad

104 1307 265 1343 sectam
287 1318 385 1343 cum
402 1304 692 1357 manuopere,¹
709 1308 754 1344 et
767 1305 901 1344 eciam
916 1304 968 1344 de
987 1305 1123 1357 captis
1145 1305 1190 1343 in
1212 1304 1416 1344 libertate
1438 1303 1641 1356 praedicta

102 1381 178 1420 pro
200 1369 438 1421 suspicione
460 1368 673 1409 latrocinii
688 1369 755 1408 vel
776 1369 954 1408 alterius
970 1368 1200 1419 malefacti,
1216 1369 1303 1408 sive
1326 1368 1491 1407 facturn
1505 1367 1640 1407 fuerit

101 1432 147 1471 in
170 1431 370 1472 libertate
392 1433 460 1473 vel
483 1437 616 1483 extra,
638 1433 745 1472 dum
768 1436 914 1472 tamen
939 1434 998 1472 sic
1020 1433 1257 1473 indictatus
1281 1447 1323 1472 se
1346 1432 1452 1472 velit
1482 1445 1639 1485 ponere

103 1509 230 1549 super
258 1495 456 1537 homines
480 1497 606 1548 vfllae,
629 1500 674 1537 et
694 1501 800 1537 tunc
823 1496 1093 1551 judicabitur
1114 1498 1159 1536 in
1181 1498 1299 1537 curia
1320 1495 1639 1549 Archiepiscopi

103 1561 342 1600 seeundum
373 1562 643 1601 veredictum
670 1561 757 1615 jur.
791 1565 874 1601 etc.
935 1562 994 1601 Et
1027 1562 1061 1601 si
1097 1562 1335 1601 vicecomes
1368 1560 1639 1599 mandaverit

101 1624 258 1665 ballivo
278 1626 413 1679 ipsius
434 1625 767 1679 Archiepiscopi,
790 1629 872 1665 etc.
895 1626 1009 1678 quod
1030 1626 1186 1679 aliquis
1201 1638 1468 1665 commorans
1485 1625 1530 1663 in
1552 1638 1640 1663 una

101 1689 403 1741 praedictarum
434 1690 619 1730 duarum
650 1690 853 1730 villarum
884 1690 1121 1730 indic-tatus
1144 1690 1210 1729 vel
1238 1689 1480 1742 appellatus
1504 1687 1638 1727 fuerit

100 1752 154 1792 de
192 1753 336 1806 aliquo
368 1754 596 1794 malefacto
625 1753 849 1803 forinseco,
880 1757 962 1794 etc.
991 1754 1175 1794 ballivus
1207 1754 1282 1793 ille
1310 1766 1398 1793 non
1431 1752 1483 1791 ad
1515 1765 1638 1791 man-

100 1817 252 1857 datum
279 1819 557 1869 vicecomitis,
579 1819 714 1858 immo
744 1832 967 1858 assumens
1001 1819 1290 1872 suspicionem
1313 1832 1364 1857 ex
1385 1816 1635 1870 hujusmodi

100 1882 303 1922 mandato
324 1883 467 1936 ipsum
488 1883 603 1936 capit
626 1886 670 1922 et
697 1883 751 1922 ad
772 1883 1128 1922 deliberacionem
1149 1882 1282 1937 gaolae
1303 1882 1355 1921 fit
1376 1881 1428 1920 de
1452 1894 1500 1920 eo
1523 1880 1635 1920 sicut

100 1947 296 1998 superius
317 1947 484 1987 dictum
506 1950 582 1987 est.
635 1948 692 1986 Et
714 1947 849 1986 eciam
866 1961 965 1986 cum
979 1947 1126 1986 ballivi
1142 1946 1331 1987 habeant
1346 1945 1632 1998 suspicionem

99 2010 202 2049 mali
224 2011 276 2050 de
298 2011 442 2064 aliquo
462 2012 638 2051 invento
669 2010 780 2050 infra
811 2011 1059 2051 libertatem
1091 2014 1187 2061 etc.,
1209 2011 1352 2064 ipsum
1374 2009 1566 2062 capiunt,
1588 2011 1634 2048 et

97 2074 150 2114 ad
172 2075 529 2115 deliberacionem
550 2075 657 2130 golae
679 2073 785 2131 (Sic)
807 2076 858 2115 fit
879 2076 932 2115 de
955 2089 1005 2115 eo
1020 2076 1132 2115 sicut
1155 2075 1352 2129 superius
1369 2074 1534 2113 dictum
1552 2076 1631 2113 est.

99 2137 266 2178 Clamat
287 2140 422 2179 eciam
444 2140 497 2180 ab
520 2141 699 2193 antiquo
720 2140 864 2180 omnia
895 2154 989 2193 quae
1011 2140 1064 2180 ad
1085 2140 1273 2180 officium
1295 2137 1554 2179 coronatoris
1587 2140 1631 2176 et

96 2203 361 2243 vicecomitis
381 2205 618 2257 pertinent,
639 2218 716 2258 per
738 2205 917 2244 ballivos
947 2208 992 2244 et
1017 2209 1287 2244 coronatores
1320 2216 1417 2243 suos
1438 2201 1631 2255 proprios

97 2280 306 2317 exercere,
328 2269 530 2308 videlicet
551 2269 755 2308 audiendi
780 2269 1094 2308 indictamenta
1117 2268 1393 2321 probatorum
1415 2266 1467 2306 de
1489 2264 1630 2304 homi-

97 2330 224 2370 nibus
246 2332 504 2383 intrinsecis,
527 2336 610 2373 etc.
634 2337 679 2372 et
699 2333 947 2385 inquirendi
969 2333 1022 2373 de
1035 2333 1162 2373 rebus
1177 2330 1498 2385 emergentibus
1520 2329 1632 2368 infra

98 2393 359 2446 libertatem,
382 2400 463 2436 etc.
496 2400 541 2436 et
571 2396 757 2436 faciendi
789 2397 1082 2446 execuciones,
1105 2400 1188 2436 etc.
1219 2396 1332 2436 sicut
1356 2394 1631 2434 vicecomites

97 2462 143 2498 et
178 2463 446 2500 coronatores
476 2460 643 2500 faciunt
671 2461 716 2499 in
747 2460 955 2514 geldabili
983 2462 1229 2510 comitatus,
1260 2463 1325 2500 set
1359 2472 1445 2498 non
1474 2458 1631 2497 clamat

95 2522 285 2576 aliquem
308 2525 479 2579 exigere
500 2525 546 2564 in
563 2525 682 2564 curia
700 2538 788 2574 sua,
807 2528 890 2564 etc.
932 2525 990 2564 Et
1008 2525 1042 2564 si
1059 2525 1213 2578 aliquis
1235 2523 1475 2577 appellatus
1497 2521 1630 2561 fuerit

95 2586 139 2625 in
162 2588 280 2627 curia
302 2602 379 2627 sua
400 2588 452 2628 de
474 2588 586 2628 facto
607 2589 857 2637 intrinseco,
881 2592 962 2628 etc.
996 2592 1041 2628 et
1062 2589 1305 2642 appellatus
1327 2586 1546 2639 defugerit
1568 2585 1630 2624 ita

95 2653 208 2705 quod
238 2666 325 2692 non
355 2652 487 2692 fuerit
517 2653 722 2692 inventus
753 2652 865 2691 infra
895 2652 1159 2702 libertatem,
1181 2656 1264 2692 etc.
1297 2651 1443 2691 ballivi
1475 2650 1629 2689 dicunt

94 2716 345 2769 appellatori
376 2717 490 2769 quod
521 2716 646 2756 adeat
677 2717 933 2756 comitatum
967 2717 1001 2756 si
1032 2714 1232 2766 v01uerit,
1255 2720 1300 2756 et
1330 2715 1412 2768 ipsi
1444 2714 1507 2753 nil
1528 2713 1628 2753 inde

93 2781 253 2820 adtunc
277 2780 444 2820 faciunt
474 2780 672 2820 ulterius.
733 2781 792 2820 Et
815 2781 849 2820 si
871 2781 1110 2834 appellator
1130 2782 1275 2821 veniat
1296 2780 1349 2820 ad
1371 2779 1627 2818 comitatum

169 2873 225 2917 (l)
252 2874 463 2920 Mammpus,
483 2886 544 2909 seu
562 2887 641 2908 cum
659 2887 866 2920 manuopera
883 2880 1016 2920 eaptus,
1035 2875 1069 2909 in
1088 2876 1203 2919 Fleta,
1220 2875 1282 2909 lib.
1302 2875 1338 2910 ii.
1357 2886 1434 2920 cap.
1454 2873 1511 2917 52,
1532 2875 1549 2916 §
1569 2872 1627 2916 42,

96 2929 149 2959 est
166 2925 203 2960 in
220 2926 329 2969 furto,
346 2928 401 2962 vel
418 2940 499 2962 cum
517 2939 554 2962 re
572 2927 708 2962 furtiva
724 2927 1245 2973 deprehensus.—(Ducansse.)

1818 149 1879 196 69

1678 1118 1817 1157 Custody
1836 1120 1871 1148 of

1676 1159 1842 1195 pris-onere,

1676 1198 1737 1226 and
1752 1199 1838 1233 gaol-

1677 1237 1829 1276 delivcry.

1667 2142 1762 2172 office
1778 2144 1813 2173 of

1667 2192 1793 2211 coroner
1804 2184 1868 2213 and

1667 2222 1782 2252 sheriff.
