1935 3151
95 130 189 177 268
806 145 1082 179 meomALs
1117 145 1175 179 OF
1209 146 1367 179 RIPON.

329 258 487 296 terram
508 259 656 297 contra
677 270 824 297 omnes
844 258 890 297 in
920 260 1194 310 perpetuum.
1255 257 1313 297 Et
1343 256 1444 296 huic
1476 257 1631 310 scripto
1663 259 1855 314 sigillum

96 326 280 369 witnesses.
328 333 477 360 meum
516 322 695 375 apposui
736 322 781 361 in
821 321 1136 361 testimonium.
1197 321 1295 360 Hiis
1336 321 1535 371 testibus,
1576 321 1763 364 Roberto
1803 325 1856 365 de

329 383 590 436 Munketon,
611 384 797 425 Ranulfo
819 384 907 423 filio
940 383 1047 437 ejus,
1068 383 1233 424 Thoma
1263 384 1316 424 de
1339 383 1608 434 Clutherum,
1631 385 1857 426 Gileberto

329 447 383 487 de
405 448 654 499 Mortemer,
676 449 825 489 Gibun
846 448 934 487 filio
956 447 1064 501 ejus,
1086 447 1303 501 Torphino
1324 448 1561 501 pellipario,
1582 448 1610 488 J
1613 447 1780 490 ohanne
1802 451 1855 491 de

330 511 470 562 Ebor’,
492 512 702 552 Everardo
723 512 976 562 Mercatore,
1009 511 1191 552 Osberto
1223 511 1275 551 de
1307 510 1610 561 Rautheciiue,
1641 512 1773 552 Petro
1803 514 1855 553 de

330 575 561 626 Midelton,
584 575 750 630 Rogero
770 575 859 615 filio
880 575 1061 615 Walteri
1082 575 1134 615 de
1158 575 1339 628 Sallaye,
1361 575 1541 614 Ricardo
1556 575 1858 627 inbreviatore,

331 641 376 677 et
398 638 549 677 multis
570 638 678 679 aliis.

422 700 629 742 Cim-alar
649 700 739 742 scal
764 701 815 756 of
829 715 961 755 yreen
982 715 1082 743 waso
1102 699 1301 742 attached
1323 700 1375 755 by
1396 714 1425 741 α
1447 699 1556 741 ἰαόεῑ
1576 699 1811 753 ψεῒανᾷηίηῃ
1830 716 1859 743 α,

330 762 480 817 stringy
521 764 574 818 by
614 764 756 806 ‘which
796 779 914 806 some
954 764 1073 806 other
1114 765 1349 806 document
1385 763 1464 805 has
1500 763 1716 818 probably
1758 764 1858 805 been

332 827 545 868 attached.
607 829 650 869 It
691 842 825 870 seems
859 833 899 870 to
940 832 1163 884 represent
1196 827 1312 882 four
1343 826 1482 868 wheat
1516 841 1612 867 ears
1648 826 1858 882 disposed

332 890 568 942 crosswise,
600 891 709 933 with
740 891 957 946 diayonal
993 892 1106 934 lines
1138 891 1320 933 between
1341 890 1647 933 them—Insa.
1680 900 1717 937 ÷
1759 922 1769 933 .
1803 922 1813 933 .
1848 922 1857 932 .

333 966 426 995 LMI.
489 967 606 996 FILII.
668 967 855 997 SIMONIS.

421 1018 761 1072 Endorsement,
782 1034 912 1061 none.

579 1190 710 1227 CLIV.
747 1189 919 1225 GRANT
957 1189 1020 1226 OF
1058 1188 1226 1226 LANDS
1264 1188 1400 1225 OVER
1437 1188 1611 1226 SKELL.

870 1269 1013 1314 (R1PON
1031 1270 1212 1303 CHAPTER
1228 1268 1325 1314 MS.)

97 1362 276 1408 waher—fil.
422 1350 633 1391 Omnibus
665 1351 829 1391 Sanctae
860 1351 1013 1391 Matris
1045 1351 1244 1390 Ecclesiae
1274 1350 1375 1390 filiis
1407 1348 1482 1389 has
1513 1350 1677 1389 litteras
1708 1347 1863 1389 visuris

98 1402 272 1470 fflffi'gffel
333 1414 401 1454 vel
436 1415 662 1464 audituris,
704 1414 921 1454 walterus
954 1414 1070 1454 filius
1110 1414 1311 1468 Hugonis
1351 1414 1466 1453 ultra
1502 1413 1619 1463 Skel,
1662 1413 1860 1453 salutem.

98 1480 284 1548 {qs-&3532
332 1477 550 1517 Noveritis
586 1491 654 1517 me
687 1477 867 1527 dedisse,
901 1479 1169 1527 concessisse,
1203 1481 1248 1517 et
1280 1476 1357 1516 hac
1390 1477 1592 1530 praesenti
1620 1480 1737 1516 carta
1766 1489 1862 1516 mea

99 1561 156 1587 απ,
227 1542 246 1558 ‘³
332 1541 615 1591 confirmasse,
648 1544 692 1580 et
723 1541 768 1580 in
799 1541 987 1594 capitulo
1018 1541 1211 1594 Riponiae
1243 1542 1441 1593 quietum
1463 1540 1667 1580 clamasse
1697 1540 1744 1578 in
1765 1553 1862 1579 mea

332 1605 463 1644 libera
494 1608 723 1657 potestate,
757 1608 898 1644 totum
923 1605 997 1658 jus
1019 1619 1165 1644 meum
1196 1608 1240 1644 et
1268 1604 1472 1644 clamium
1503 1604 1616 1656 quod
1638 1602 1771 1643 habui
1793 1603 1860 1643 vel

331 1667 487 1708 habere
509 1672 655 1721 potero
677 1670 721 1707 in
744 1671 856 1708 terra
885 1682 978 1708 mea
1004 1668 1177 1722 jacente
1209 1668 1323 1708 ultra
1346 1667 1462 1718 Skel,
1486 1668 1650 1707 scilicet
1670 1668 1716 1706 in
1747 1671 1861 1706 terra

331 1746 459 1784 quum
482 1731 829 1772 Constabularius
851 1733 1009 1782 tenuit,
1033 1736 1076 1771 et
1098 1732 1143 1770 in
1164 1735 1278 1771 terra
1298 1745 1429 1784 quam
1451 1730 1670 1771 Galfridus
1693 1731 1744 1770 de
1768 1730 1862 1771 Gil-

330 1795 434 1848 ling'
455 1796 613 1846 tenuit,
636 1796 745 1835 etin
776 1798 889 1835 terra
920 1809 1049 1849 quam
1080 1794 1322 1834 Acckeman
1353 1795 1512 1844 tenuit,
1533 1794 1703 1834 Aldusae
1733 1794 1861 1833 sorori

332 1872 438 1898 meze
454 1863 495 1898 et
511 1858 751 1899 haeredibus
770 1860 869 1910 suis,
884 1860 949 1899 vel
963 1860 1218 1911 cuicumque
1233 1859 1332 1898 dare
1348 1858 1415 1898 vel
1429 1859 1645 1912 assignare
1662 1857 1860 1908 voluerit,

331 1936 406 1975 pro
430 1923 603 1963 servicio
622 1937 696 1962 suo
711 1923 823 1975 quod
840 1922 971 1962 michi
986 1922 1103 1973 fecit,
1120 1923 1359 1962 tenendum
1381 1925 1427 1961 et-
1446 1920 1696 1961 habendum
1719 1921 1860 1961 eidem

331 1986 501 2026 Aldusae
524 1990 569 2026 et
582 1986 819 2026 haeredibus
834 1987 921 2026 suis
935 1987 1002 2026 vel
1019 1986 1113 2039 ejus
1127 1986 1356 2039 assignatis
1373 1986 1425 2025 de
1442 1999 1510 2024 me
1524 1985 1860 2037 imperpetuum,

332 2049 465 2090 libere
498 2054 541 2090 et
563 2051 724 2103 quiete,
757 2050 930 2103 pacifice
963 2053 1003 2090 et
1037 2051 1222 2103 integre,
1254 2049 1470 2089 reddendo
1502 2048 1602 2087 inde
1632 2047 1860 2088 annuatim

333 2114 506 2153 domino
535 2115 737 2153 canonico
768 2114 886 2153 illius
907 2114 1145 2167 praebendae
1167 2117 1350 2166 quatuor
1372 2112 1539 2161 solidos,
1562 2111 1763 2151 videlicet
1783 2124 1859 2164 pro

332 2180 445 2216 terra
459 2191 587 2230 quam
604 2177 951 2218 Constabularius
965 2177 1106 2217 tenuit
1124 2177 1359 2216 octodecim
1372 2177 1580 2226 denarios,
1597 2179 1640 2215 et
1655 2189 1730 2229 pro
1745 2178 1859 2215 terra

332 2253 460 2292 quam
474 2240 715 2280 Acckeman
729 2242 886 2291 tenuit,
901 2241 1128 2281 duodecim
1143 2240 1350 2290 denarios,
1372 2239 1653 2279 medietatem
1675 2239 1729 2278 ad
1745 2239 1859 2278 Pen-

331 2307 537 2354 tecosten,
567 2308 612 2344 et
638 2305 768 2344 aliam
801 2305 1080 2344 medietatem
1112 2304 1164 2343 ad
1192 2303 1353 2343 festum
1383 2302 1530 2342 Sancti
1561 2303 1755 2353 Martini,
1781 2315 1857 2355 pro

332 2368 529 2407 omnibus
563 2369 764 2417 serviciis,
787 2367 1184 2416 consuetudinibus,
1211 2366 1519 2416 exaceionibus,
1543 2370 1585 2406 et
1618 2365 1856 2415 demandis,

333 2435 377 2468 et
398 2444 472 2482 pro
494 2432 610 2469 omni
633 2445 675 2470 re
698 2431 750 2470 ad
773 2431 968 2483 prchatas
990 2436 1123 2470 terras
1154 2431 1415 2483 pertinente.
1478 2430 1692 2469 Praeterea
1712 2429 1857 2482 obligo

333 2493 711 2546 11101111·is‹liceioni
735 2495 920 2533 eccles-ize
943 2499 982 2533 ct
1009 2494 1185 2547 capituli
1208 2495 1332 2534 Beati
1346 2493 1535 2532 Wilfridi
1550 2492 1716 2545 Ripon’,
1739 2492 1857 2532 omni

330 2558 617 2610 appellucionc
639 2564 815 2607 remota,
835 2559 887 2597 ad
916 2559 1269 2611 praenominatam
1299 2558 1575 2597 donacionem
1603 2560 1648 2596 et
1668 2557 1857 2610 quietam

330 2621 608 2661 clamanciam
639 2621 959 2671 observandam,
991 2623 1052 2661 ita
1082 2621 1195 2674 quod
1236 2620 1413 2674 praefata
1443 2620 1603 2660 Aldusa
1644 2619 1774 2659 faciat
1805 2620 1857 2659 de

329 2683 413 2723 hiis
435 2686 560 2725 terris
582 2686 795 2738 praedictis
826 2686 1029 2738 quicquid
1053 2687 1250 2735 voluerit„
1274 2686 1383 2724 sicut
1413 2685 1466 2724 de
1497 2684 1665 2737 propria
1696 2687 1741 2723 et
1761 2697 1858 2736 per-

330 2751 460 2800 petua
495 2749 725 2788 donacione
760 2752 804 2788 et
837 2750 1115 2802 possessione.
1177 2751 1233 2789 Et
1267 2753 1317 2789 ut
1357 2748 1431 2787 illa
1472 2761 1566 2787 mea
1607 2747 1781 2786 donacio
1813 2751 1857 2787 et

331 2812 476 2861 quieta
511 2811 744 2851 clamancia
778 2812 863 2851 sive
899 2812 1108 2866 obligacio
1144 2826 1168 2852 a
1208 2812 1381 2852 nemine
1418 2812 1551 2864 possit
1592 2809 1769 2863 infringi
1809 2811 1853 2849 in

331 2878 562 2925 posterum,
595 2873 672 2914 hoc
707 2889 889 2927 praesens
925 2876 1129 2928 scriptum
1169 2875 1298 2929 sigilli
1335 2875 1420 2914 mci
1447 2873 1686 2914 munimine
1720 2886 1855 2912 corro-
