1955 3068
80 119 174 166 126

797 132 1071 165 MEMORIALS
1107 133 1165 165 OF
1202 133 1359 165 RIPON.

79 260 150 279 n‹·w
166 253 197 279 to
212 249 278 280 live
313 242 656 284 habitacionibus
697 245 924 297 dispersim
977 248 1016 284 et
1062 258 1147 283 non
1189 245 1234 283 in
1277 245 1495 284 communi
1536 248 1704 295 tenent,
1745 259 1845 285 con-

77 290 110 318 i11
124 299 275 319 common.

76 891 187 930 llenry
203 892 242 922 V.

75 932 209 960 admires

75 972 157 1000 their
173 972 245 1009 holy

75 1019 239 1039 conversa-

74 1049 151 1081 tion„
169 1050 225 1079 hus

75 1089 208 1118 allowed

72 1339 125 1368 the
141 1340 194 1368 six

71 1379 175 1408 vicars
191 1382 222 1409 to

71 1418 151 1447 elect
166 1428 185 1447 a

71 1460 210 1495 provest-

66 2172 131 2201 Tho
147 2174 235 2202 arch-

66 2212 186 2250 bishop,
206 2214 236 2242 in

66 2251 170 2280 virtue
185 2254 218 2280 of

67 2291 156 2327 royal

66 2329 180 2357 licence
196 2331 257 2360 and

66 2369 179 2405 special
197 2370 241 2398 nf-

67 2408 180 2436 fection
198 2410 244 2438 sor

66 2445 112 2475 St.
126 2446 205 2476 Wil-

64 2485 151 2516 frith.

65 2529 176 2559 grnnts
192 2528 223 2555 to

65 2562 147 2592 John
163 2565 201 2594 de

314 308 551 348 siderantes
583 309 738 348 melius
770 312 814 348 et
846 309 1071 348 decencius
1094 308 1181 348 fore
1211 309 1323 361 ipsos
1355 307 1484 358 horis,
1505 309 1779 359 dormitoriis,
1802 312 1846 349 et

311 372 546 412 refectoriis
587 372 765 412 insimul
806 373 852 411 in
884 372 1101 411 communi
1143 385 1271 425 quam
1312 372 1540 425 dispersim
1581 373 1845 423 commorari,

311 436 526 488 quandam
547 436 774 490 parcellam
795 440 921 475 terrae
942 436 988 475 in
1011 436 1162 489 Rypon
1176 435 1364 489 praefatis
1382 436 1548 476 vicariis
1562 450 1638 489 pro
1655 435 1845 489 hospicio

312 514 388 540 suo
409 501 569 540 ibidem
591 501 875 541 construendo
896 501 942 539 in
969 501 1187 539 communi
1220 500 1347 539 simul
1378 499 1651 550 habendam,¹
1675 501 1775 540 dare
1797 504 1843 540 et

311 565 527 618 assignare
548 565 908 618 proposuerimus,
929 577 978 603 ac
1009 577 1083 617 per
1115 564 1258 617 plures
1291 563 1451 604 Christi
1471 563 1632 614 fideles,
1654 564 1843 617 ipsorum

309 628 562 668 vicariorum
595 629 784 681 inopiam
816 628 1105 681 indigenciam
1136 628 1206 680 pie
1237 628 1530 680 respicientes,
1561 628 1717 667 diversi
1748 628 1844 667 red-

308 691 427 731 ditus
464 696 507 731 et
548 691 834 744 possessiones
877 692 1038 731 eisdem
1070 692 1236 731 vicariis
1278 705 1353 745 pro
1395 705 1542 731 eorum
1582 691 1842 732 relevamine

308 757 528 795 caritative
560 755 651 795 dati
683 755 869 795 fuissent
897 760 942 795 et
972 756 1195 810 assignati,
1229 756 1263 795 si
1296 769 1442 796 eorum
1473 755 1722 795 inhabilitas
1755 756 1842 795 sive

306 820 565 873 incapacitas
587 820 823 873 recipiendi
846 821 907 860 eis
938 820 1186 860 nullatenus
1217 820 1432 860 obviasset
1464 834 1539 860 seu
1571 820 1841 860 obstaculum

306 897 391 923 non
412 884 680 937 praebuisset,
702 898 750 923 ac
781 884 981 924 dominus
1012 888 1158 924 noster
1189 898 1263 924 rex
1294 885 1506 924 Henricus
1537 885 1715 937 quintus
1747 888 1843 938 post

306 947 849 1001 conquaestum,honestam
861 949 1229 988 conversacionem
1245 952 1289 988 et
1303 949 1551 988 continuam
1565 948 1841 988 devocionem

306 1012 496 1065 ipsorum
517 1013 784 1062 vicariorum,
807 1013 881 1065 qui
903 1012 1091 1052 ecclesiae
1104 1012 1319 1065 praedictae
1332 1013 1377 1051 in
1392 1011 1546 1065 majori
1564 1015 1684 1065 parte
1701 1012 1840 1052 indies

307 1077 524 1115 sustinent
539 1076 707 1129 pondus
728 1076 815 1116 diei
838 1079 882 1115 et
898 1079 1042 1125 aestus,
1056 1077 1210 1116 merito
1231 1076 1548 1126 commendans,
1564 1090 1611 1115 ac
1627 1077 1842 1129 proposita

305 1141 440 1180 nostri
463 1144 509 1180 et
539 1140 722 1179 aliorum
743 1140 804 1180 eis
828 1139 1056 1179 subvenire
1078 1139 1321 1179 volencium
1351 1153 1598 1192 promovere
1620 1139 1840 1190 affectans,

304 1218 442 1257 nuper
463 1218 538 1258 per
558 1204 702 1244 literas
726 1218 820 1244 suas
842 1207 1042 1257 patentes
1064 1204 1117 1243 de
1139 1204 1282 1257 gracia
1305 1217 1381 1243 sua
1395 1203 1568 1256 speciali
1581 1205 1840 1244 concesserit

305 1282 380 1322 pro
403 1282 447 1308 se
470 1272 514 1308 et
535 1267 776 1308 haeredibus
799 1269 887 1308 suis
911 1271 1122 1321 quantum
1151 1268 1196 1306 in
1228 1268 1320 1320 ipso
1350 1267 1449 1318 fuit,
1472 1267 1584 1320 quod
1606 1267 1737 1307 iidem
1769 1281 1841 1307 sex

306 1333 454 1372 vicarii
486 1336 531 1372 et
563 1346 824 1372 successores
857 1333 922 1372 sui
955 1333 1100 1372 vicarii
1134 1331 1322 1372 ecclesiae
1354 1332 1583 1384 praedictae,
1605 1331 1658 1370 de
1691 1331 1840 1384 seipsis

305 1410 442 1436 unum
463 1400 782 1449 procuratorem
803 1397 1006 1450 quociens
1030 1399 1074 1435 et
1095 1396 1265 1449 quando
1280 1397 1340 1435 eis
1357 1396 1547 1448 placeret
1564 1402 1608 1435 et
1621 1395 1840 1435 videretur

304 1460 505 1513 expedire
540 1460 697 1514 eligere
734 1464 924 1513 possent,
961 1460 1035 1513 qui
1068 1473 1226 1499 nomen
1267 1460 1550 1512 procuratoris
1583 1459 1839 1499 vicariorum

305 1524 492 1564 ecclesiae
515 1525 639 1564 Beati
662 1524 782 1564 Petri
804 1524 968 1577 Rypon'
994 1525 1314 1577 imperpetuum
1344 1527 1527 1578 gereret,
1551 1529 1594 1563 et
1617 1522 1695 1563 hoc
1711 1523 1840 1577 juxta

303 1589 619 1628 ordinacionem
641 1602 717 1641 per
749 1589 862 1641 ipsos
893 1589 939 1627 in
971 1587 1051 1627 hac
1082 1591 1203 1641 parte
1234 1587 1394 1641 absque
1420 1587 1599 1627 licencia
1620 1588 1738 1641 regia
1770 1587 1837 1627 vel

302 1666 477 1692 assensu
527 1653 628 1692 inde
680 1652 922 1705 aliqualiter
963 1651 1150 1705 petenda
1195 1651 1263 1691 vel
1305 1651 1540 1704 optinenda
1579 1650 1837 1701 faciendam,

303 1717 501 1769 quodque
543 1717 676 1756 iidem
712 1720 958 1770 procurator
989 1719 1034 1756 et
1065 1716 1211 1755 vicarii
1252 1719 1297 1755 et
1340 1729 1599 1755 successores
1642 1715 1708 1755 sui
1750 1716 1837 1755 sint

302 1794 490 1833 personae
511 1779 690 1831 habiles,
713 1794 901 1834 capaces,
925 1784 969 1820 et
990 1783 1209 1833 perpetuae
1239 1780 1292 1819 ad
1315 1780 1570 1832 impetrand.
1604 1779 1835 1832 recipiend-

303 1848 348 1884 et
369 1845 620 1897 adquirend.
648 1846 824 1884 nomine
850 1844 1133 1897 procuratoris
1160 1847 1205 1884 et
1226 1844 1478 1883 vicariorum
1501 1843 1690 1883 ecclesiae
1712 1843 1838 1883 Beati

302 1908 422 1948 Petri
454 1907 633 1961 Rypon’,
664 1911 813 1958 terras,
844 1912 1107 1958 tenementa,
1139 1907 1437 1960 possessiones,
1470 1910 1515 1946 et
1548 1907 1837 1946 emolumenta

302 1972 540 2025 spiritualia
562 1975 607 2012 et
627 1972 881 2025 temporalia
912 1985 1192 2025 quaecumque
1213 1985 1238 2010 a
1268 1971 1607 2024 quibuscumque
1629 1970 1835 2023 personis,

300 2039 390 2076 tam
421 2036 539 2075 laicis
571 2050 700 2089 quam
731 2036 1043 2086 ecclesiasticis,
1065 2035 1245 2075 licencia
1276 2035 1394 2088 regia
1425 2035 1626 2087 primitus
1658 2033 1836 2073 obtenta

301 2100 463 2140 eisdem
485 2100 745 2153 procuratori
769 2105 811 2139 et
834 2101 1001 2139 vicariis
1018 2103 1061 2139 et
1076 2098 1389 2138 successoribus
1407 2098 1494 2137 suis
1511 2098 1554 2137 in
1573 2098 1834 2151 proprietate

299 2163 542 2216 possidend.
566 2163 900 2216 imperpetuum.
962 2163 1143 2202 Noverit
1163 2163 1421 2201 universitas
1451 2166 1594 2201 vestra
1625 2161 1737 2214 quod
1759 2175 1834 2201 nos

299 2227 502 2280 praefatus
542 2225 900 2279 archiepiscopus,
933 2227 1095 2266 virtute
1129 2226 1319 2265 licenciae
1355 2226 1461 2265 dicti
1498 2225 1661 2265 domini
1697 2225 1834 2265 nostri

299 2292 412 2345 regis
446 2291 569 2331 nobis
603 2291 648 2330 in
681 2289 760 2330 hac
797 2294 918 2343 parte
953 2304 1176 2339 concessae,
1210 2289 1263 2329 ob
1301 2289 1526 2342 specialem
1557 2288 1833 2328 affeccionem

299 2369 426 2408 quam
467 2356 520 2395 ad
554 2355 788 2408 gloriosum
829 2355 1113 2394 confessorem
1146 2353 1351 2393 Sanctum
1393 2352 1640 2392 wilfridum
1681 2353 1725 2391 in
1766 2365 1833 2391 ec-

299 2419 428 2458 clesia
479 2418 683 2472 praedicta
734 2417 960 2457 humatum
1012 2418 1202 2471 gerimus
1254 2420 1298 2456 et
1348 2415 1568 2466 habemus,
1620 2416 1832 2464 dedimus,

299 2484 597 2531 concessimus,
629 2482 953 2535 assignavimus,
986 2485 1031 2521 et
1064 2481 1141 2520 hac
1176 2484 1291 2520 carta
1316 2488 1461 2519 nostra
1488 2480 1831 2520 confirmavimus

299 2545 487 2586 Johanni
529 2547 580 2586 de
623 2545 703 2598 Ely
735 2558 851 2584 nunc
884 2546 1145 2598 procuratori
1177 2545 1429 2584 vicariorum
1463 2544 1649 2583 ecclesiae
1687 2543 1830 2583 Sancti

369 2670 425 2713 (1)
454 2669 539 2704 This
556 2669 585 2704 is
602 2670 701 2704 what
719 2670 784 2716 Bp.
804 2669 891 2704 Gisa
910 2669 968 2704 did
990 2670 1044 2704 sor
1057 2670 1118 2704 the
1137 2680 1269 2704 canons
1297 2673 1332 2702 at
1357 2668 1468 2702 wells
1485 2667 1520 2701 in
1539 2668 1598 2702 the
1619 2667 1704 2701 11th
1723 2672 1829 2711 cent,

297 2724 365 2758 and
385 2724 524 2758 Leofric
542 2725 600 2758 did
620 2725 672 2759 for
698 2725 801 2759 those
822 2725 861 2758 os
883 2725 1016 2759 Exoter
1047 2730 1084 2759 at
1110 2725 1171 2759 the
1201 2736 1296 2758 same
1323 2723 1418 2758 time.
1469 2723 1580 2757 These
1607 2722 1750 2768 bishops
1776 2723 1829 2757 in-

295 2776 464 2811 troduced
498 2777 574 2810 into
605 2777 772 2822 England
805 2777 865 2811 the
900 2777 974 2810 rule
1003 2777 1042 2810 of
1064 2776 1314 2822 Olirodegnng,
1347 2775 1404 2821 bp.
1436 2775 1477 2809 of
1497 2774 1605 2818 Metz,
1639 2774 1675 2808 in
1706 2774 1826 2821 Upper

297 2828 594 2863 Lorraine.—Soe
612 2829 815 2863 Freeman's
839 2829 974 2863 (ἸιιινσΙι
1000 2828 1043 2875 of
1072 2830 1185 2870 wells,
1203 2829 1333 2872 30434,
1360 2827 1428 2861 and
1456 2827 1615 2860 Norman
1648 2827 1823 2871 conquest,

296 2880 332 2912 ii.
361 2882 416 2914 «⁸56.
