<?xml version="1.0" encoding="UTF-8"?>
<!DOCTYPE html PUBLIC "-//W3C//DTD XHTML 1.0 Transitional//EN"
    "http://www.w3.org/TR/xhtml1/DTD/xhtml1-transitional.dtd">
<html xmlns="http://www.w3.org/1999/xhtml" xml:lang="en" lang="en">
 <head>
  <title>
</title>
<meta http-equiv="Content-Type" content="text/html;charset=utf-8" />
  <meta name='ocr-system' content='tesseract 3.04.00' />
  <meta name='ocr-capabilities' content='ocr_page ocr_carea ocr_par ocr_line ocrx_word'/>
</head>
<body>
  <div class='ocr_page' id='page_1' title='image "./memorialsofchurc01fowl/memorialsofchurc01fowl_0079.png"; bbox 0 0 1915 3068; ppageno 0'>
   <div class='ocr_carea' id='block_1_1' title="bbox 404 151 1275 193">
    <p class='ocr_par' dir='ltr' id='par_1_1' title="bbox 404 151 1275 193">
     <span class='ocr_line' id='line_1_1' title="bbox 404 151 1275 193; baseline -0.002 -8"><span class='ocrx_word' id='word_1_1' title='bbox 404 151 636 186; x_wconf 72' lang='lat' dir='ltr'>EXCERPTS</span> <span class='ocrx_word' id='word_1_2' title='bbox 673 152 801 185; x_wconf 77' lang='lat' dir='ltr'>FROM</span> <span class='ocrx_word' id='word_1_3' title='bbox 838 151 1141 193; x_wconf 74' lang='lat' dir='ltr'>CIIRONICLES,</span> <span class='ocrx_word' id='word_1_4' title='bbox 1183 152 1275 183; x_wconf 52' lang='lat' dir='ltr'>ET«.</span> 
     </span>
    </p>
   </div>
   <div class='ocr_carea' id='block_1_2' title="bbox 64 261 1611 2809">
    <p class='ocr_par' dir='ltr' id='par_1_2' title="bbox 64 261 1611 2809">
     <span class='ocr_line' id='line_1_2' title="bbox 69 261 1603 317; baseline -0.003 -11"><span class='ocrx_word' id='word_1_5' title='bbox 69 277 144 306; x_wconf 84' lang='lat' dir='ltr'>sua</span> <span class='ocrx_word' id='word_1_6' title='bbox 175 268 215 305; x_wconf 88' lang='lat' dir='ltr'>et</span> <span class='ocrx_word' id='word_1_7' title='bbox 248 261 444 304; x_wconf 81' lang='lat' dir='ltr'>homines</span> <span class='ocrx_word' id='word_1_8' title='bbox 478 264 543 304; x_wconf 87' lang='lat' dir='ltr'>sui</span> <span class='ocrx_word' id='word_1_9' title='bbox 577 265 662 303; x_wconf 87' lang='lat' dir='ltr'>sint</span> <span class='ocrx_word' id='word_1_10' title='bbox 695 264 832 317; x_wconf 79' lang='lat' dir='ltr'>quieti</span> <span class='ocrx_word' id='word_1_11' title='bbox 865 264 917 303; x_wconf 86' lang='lat' dir='ltr'>de</span> <span class='ocrx_word' id='word_1_12' title='bbox 953 263 1153 302; x_wconf 87' lang='lat' dir='ltr'>omnibus</span> <span class='ocrx_word' id='word_1_13' title='bbox 1182 262 1321 317; x_wconf 82' lang='lat' dir='ltr'>geldis</span> <span class='ocrx_word' id='word_1_14' title='bbox 1352 266 1392 301; x_wconf 84' lang='lat' dir='ltr'>ct</span> <span class='ocrx_word' id='word_1_15' title='bbox 1428 266 1603 315; x_wconf 69' lang='lat' dir='ltr'>przcsta-</span> 
     </span>
     <span class='ocr_line' id='line_1_3' title="bbox 67 326 1602 382; baseline -0.003 -13"><span class='ocrx_word' id='word_1_16' title='bbox 67 330 261 369; x_wconf 84' lang='lat' dir='ltr'>cionibus</span> <span class='ocrx_word' id='word_1_17' title='bbox 290 328 497 368; x_wconf 73' lang='lat' dir='ltr'>faciendis</span> <span class='ocrx_word' id='word_1_18' title='bbox 528 329 702 368; x_wconf 85' lang='lat' dir='ltr'>domino</span> <span class='ocrx_word' id='word_1_19' title='bbox 735 328 859 382; x_wconf 78' lang='lat' dir='ltr'>Regi,</span> <span class='ocrx_word' id='word_1_20' title='bbox 882 330 927 366; x_wconf 80' lang='lat' dir='ltr'>ct</span> <span class='ocrx_word' id='word_1_21' title='bbox 958 327 1010 366; x_wconf 87' lang='lat' dir='ltr'>de</span> <span class='ocrx_word' id='word_1_22' title='bbox 1044 327 1171 366; x_wconf 83' lang='lat' dir='ltr'>sectis</span> <span class='ocrx_word' id='word_1_23' title='bbox 1202 327 1447 376; x_wconf 82' lang='lat' dir='ltr'>assisarum,</span> <span class='ocrx_word' id='word_1_24' title='bbox 1470 326 1602 365; x_wconf 87' lang='lat' dir='ltr'>comi-</span> 
     </span>
     <span class='ocr_line' id='line_1_4' title="bbox 66 391 1602 447; baseline -0.002 -15"><span class='ocrx_word' id='word_1_25' title='bbox 66 397 256 442; x_wconf 86' lang='lat' dir='ltr'>tatuum,</span> <span class='ocrx_word' id='word_1_26' title='bbox 274 391 579 447; x_wconf 84' lang='lat' dir='ltr'>tridingorum‚</span> <span class='ocrx_word' id='word_1_27' title='bbox 600 392 981 446; x_wconf 79' lang='lat' dir='ltr'>wapentagiorum,</span> <span class='ocrx_word' id='word_1_28' title='bbox 1002 394 1210 444; x_wconf 84' lang='lat' dir='ltr'>tanquam</span> <span class='ocrx_word' id='word_1_29' title='bbox 1233 391 1457 430; x_wconf 77' lang='lat' dir='ltr'>dominicae</span> <span class='ocrx_word' id='word_1_30' title='bbox 1478 393 1602 429; x_wconf 54' lang='lat' dir='ltr'>terrac</span> 
     </span>
     <span class='ocr_line' id='line_1_5' title="bbox 68 454 1572 510; baseline -0.003 -14"><span class='ocrx_word' id='word_1_31' title='bbox 68 457 202 509; x_wconf 83' lang='lat' dir='ltr'>ipsius</span> <span class='ocrx_word' id='word_1_32' title='bbox 225 455 388 496; x_wconf 88' lang='lat' dir='ltr'>domini</span> <span class='ocrx_word' id='word_1_33' title='bbox 412 456 557 510; x_wconf 70' lang='lat' dir='ltr'>Regis,</span> <span class='ocrx_word' id='word_1_34' title='bbox 580 460 631 495; x_wconf 89' lang='lat' dir='ltr'>ut</span> <span class='ocrx_word' id='word_1_35' title='bbox 652 470 727 509; x_wconf 90' lang='lat' dir='ltr'>per</span> <span class='ocrx_word' id='word_1_36' title='bbox 749 456 1079 508; x_wconf 79' lang='lat' dir='ltr'>inquisicionem</span> <span class='ocrx_word' id='word_1_37' title='bbox 1103 455 1299 507; x_wconf 88' lang='lat' dir='ltr'>superius</span> <span class='ocrx_word' id='word_1_38' title='bbox 1321 454 1572 508; x_wconf 84' lang='lat' dir='ltr'>allegatum.</span> 
     </span>
     <span class='ocr_line' id='line_1_6' title="bbox 157 518 1602 573; baseline -0.002 -14"><span class='ocrx_word' id='word_1_39' title='bbox 157 520 213 559; x_wconf 75' lang='lat' dir='ltr'>Et</span> <span class='ocrx_word' id='word_1_40' title='bbox 236 519 448 569; x_wconf 85' lang='lat' dir='ltr'>similiter,</span> <span class='ocrx_word' id='word_1_41' title='bbox 471 524 663 573; x_wconf 83' lang='lat' dir='ltr'>tempore</span> <span class='ocrx_word' id='word_1_42' title='bbox 696 520 860 559; x_wconf 87' lang='lat' dir='ltr'>domini</span> <span class='ocrx_word' id='word_1_43' title='bbox 892 519 919 559; x_wconf 85' lang='lat' dir='ltr'>J</span> <span class='ocrx_word' id='word_1_44' title='bbox 922 518 1101 558; x_wconf 88' lang='lat' dir='ltr'>ohannis</span> <span class='ocrx_word' id='word_1_45' title='bbox 1133 519 1261 573; x_wconf 83' lang='lat' dir='ltr'>regis,</span> <span class='ocrx_word' id='word_1_46' title='bbox 1284 520 1417 572; x_wconf 88' lang='lat' dir='ltr'>patris</span> <span class='ocrx_word' id='word_1_47' title='bbox 1439 518 1602 558; x_wconf 86' lang='lat' dir='ltr'>domini</span> 
     </span>
     <span class='ocr_line' id='line_1_7' title="bbox 69 580 1603 638; baseline -0.003 -15"><span class='ocrx_word' id='word_1_48' title='bbox 69 584 226 638; x_wconf 79' lang='lat' dir='ltr'>Regis3</span> <span class='ocrx_word' id='word_1_49' title='bbox 258 584 373 622; x_wconf 87' lang='lat' dir='ltr'>unde</span> <span class='ocrx_word' id='word_1_50' title='bbox 395 583 440 621; x_wconf 92' lang='lat' dir='ltr'>in</span> <span class='ocrx_word' id='word_1_51' title='bbox 462 597 617 637; x_wconf 85' lang='lat' dir='ltr'>guerra</span> <span class='ocrx_word' id='word_1_52' title='bbox 639 597 733 636; x_wconf 76' lang='lat' dir='ltr'>quae</span> <span class='ocrx_word' id='word_1_53' title='bbox 757 583 841 622; x_wconf 85' lang='lat' dir='ltr'>fuit</span> <span class='ocrx_word' id='word_1_54' title='bbox 858 583 971 621; x_wconf 85' lang='lat' dir='ltr'>inter</span> <span class='ocrx_word' id='word_1_55' title='bbox 989 583 1132 635; x_wconf 87' lang='lat' dir='ltr'>ipsum</span> <span class='ocrx_word' id='word_1_56' title='bbox 1155 586 1200 622; x_wconf 84' lang='lat' dir='ltr'>et</span> <span class='ocrx_word' id='word_1_57' title='bbox 1221 582 1399 622; x_wconf 88' lang='lat' dir='ltr'>barones</span> <span class='ocrx_word' id='word_1_58' title='bbox 1423 595 1519 621; x_wconf 91' lang='lat' dir='ltr'>suos</span> <span class='ocrx_word' id='word_1_59' title='bbox 1541 580 1603 620; x_wconf 90' lang='lat' dir='ltr'>nil</span> 
     </span>
     <span class='ocr_line' id='line_1_8' title="bbox 68 646 1604 700; baseline -0.003 -13"><span class='ocrx_word' id='word_1_60' title='bbox 68 647 153 687; x_wconf 85' lang='lat' dir='ltr'>fuit</span> <span class='ocrx_word' id='word_1_61' title='bbox 174 650 349 700; x_wconf 81' lang='lat' dir='ltr'>captum</span> <span class='ocrx_word' id='word_1_62' title='bbox 375 647 443 686; x_wconf 88' lang='lat' dir='ltr'>vel</span> <span class='ocrx_word' id='word_1_63' title='bbox 472 647 700 686; x_wconf 86' lang='lat' dir='ltr'>detentum</span> <span class='ocrx_word' id='word_1_64' title='bbox 723 661 798 700; x_wconf 87' lang='lat' dir='ltr'>per</span> <span class='ocrx_word' id='word_1_65' title='bbox 823 647 967 700; x_wconf 87' lang='lat' dir='ltr'>ipsum</span> <span class='ocrx_word' id='word_1_66' title='bbox 989 659 1137 700; x_wconf 86' lang='lat' dir='ltr'>regem</span> <span class='ocrx_word' id='word_1_67' title='bbox 1159 646 1256 686; x_wconf 90' lang='lat' dir='ltr'>vel¹</span> <span class='ocrx_word' id='word_1_68' title='bbox 1287 660 1363 699; x_wconf 91' lang='lat' dir='ltr'>per</span> <span class='ocrx_word' id='word_1_69' title='bbox 1384 646 1604 684; x_wconf 84' lang='lat' dir='ltr'>ministros</span> 
     </span>
     <span class='ocr_line' id='line_1_9' title="bbox 70 709 1605 764; baseline -0.001 -14"><span class='ocrx_word' id='word_1_70' title='bbox 70 725 165 751; x_wconf 90' lang='lat' dir='ltr'>suos</span> <span class='ocrx_word' id='word_1_71' title='bbox 188 711 302 764; x_wconf 91' lang='lat' dir='ltr'>quod</span> <span class='ocrx_word' id='word_1_72' title='bbox 323 710 408 750; x_wconf 84' lang='lat' dir='ltr'>fuit</span> <span class='ocrx_word' id='word_1_73' title='bbox 429 711 482 750; x_wconf 93' lang='lat' dir='ltr'>de</span> <span class='ocrx_word' id='word_1_74' title='bbox 504 710 628 750; x_wconf 87' lang='lat' dir='ltr'>feodo</span> <span class='ocrx_word' id='word_1_75' title='bbox 651 715 693 750; x_wconf 51' lang='lat' dir='ltr'>et¹</span> <span class='ocrx_word' id='word_1_76' title='bbox 717 711 917 750; x_wconf 88' lang='lat' dir='ltr'>libertate</span> <span class='ocrx_word' id='word_1_77' title='bbox 946 709 1126 763; x_wconf 85' lang='lat' dir='ltr'>capituli</span> <span class='ocrx_word' id='word_1_78' title='bbox 1158 710 1348 750; x_wconf 86' lang='lat' dir='ltr'>ecclesiae</span> <span class='ocrx_word' id='word_1_79' title='bbox 1376 710 1605 763; x_wconf 76' lang='lat' dir='ltr'>praedictae.</span> 
     </span>
     <span class='ocr_line' id='line_1_10' title="bbox 69 773 1603 829; baseline -0.001 -15"><span class='ocrx_word' id='word_1_80' title='bbox 69 776 126 815; x_wconf 84' lang='lat' dir='ltr'>Et</span> <span class='ocrx_word' id='word_1_81' title='bbox 153 773 284 814; x_wconf 88' lang='lat' dir='ltr'>habet</span> <span class='ocrx_word' id='word_1_82' title='bbox 305 775 600 829; x_wconf 85' lang='lat' dir='ltr'>cognicionem</span> <span class='ocrx_word' id='word_1_83' title='bbox 623 776 675 815; x_wconf 89' lang='lat' dir='ltr'>de</span> <span class='ocrx_word' id='word_1_84' title='bbox 699 775 841 814; x_wconf 79' lang='lat' dir='ltr'>assisis</span> <span class='ocrx_word' id='word_1_85' title='bbox 874 778 918 814; x_wconf 74' lang='lat' dir='ltr'>et</span> <span class='ocrx_word' id='word_1_86' title='bbox 949 775 1117 827; x_wconf 90' lang='lat' dir='ltr'>placitis</span> <span class='ocrx_word' id='word_1_87' title='bbox 1150 788 1249 813; x_wconf 90' lang='lat' dir='ltr'>cum</span> <span class='ocrx_word' id='word_1_88' title='bbox 1281 775 1530 823; x_wconf 86' lang='lat' dir='ltr'>acciderint,</span> <span class='ocrx_word' id='word_1_89' title='bbox 1562 777 1603 813; x_wconf 88' lang='lat' dir='ltr'>et</span> 
     </span>
     <span class='ocr_line' id='line_1_11' title="bbox 68 838 1605 893; baseline -0.002 -14"><span class='ocrx_word' id='word_1_90' title='bbox 68 839 427 879; x_wconf 80' lang='lat' dir='ltr'>deliberacionem</span> <span class='ocrx_word' id='word_1_91' title='bbox 448 839 581 893; x_wconf 83' lang='lat' dir='ltr'>gaolae</span> <span class='ocrx_word' id='word_1_92' title='bbox 614 840 667 878; x_wconf 89' lang='lat' dir='ltr'>de</span> <span class='ocrx_word' id='word_1_93' title='bbox 699 839 898 878; x_wconf 88' lang='lat' dir='ltr'>omnibus</span> <span class='ocrx_word' id='word_1_94' title='bbox 921 838 1074 878; x_wconf 80' lang='lat' dir='ltr'>felonis</span> <span class='ocrx_word' id='word_1_95' title='bbox 1106 839 1241 891; x_wconf 87' lang='lat' dir='ltr'>captis</span> <span class='ocrx_word' id='word_1_96' title='bbox 1273 852 1415 877; x_wconf 89' lang='lat' dir='ltr'>coram</span> <span class='ocrx_word' id='word_1_97' title='bbox 1436 838 1605 878; x_wconf 84' lang='lat' dir='ltr'>ballivis</span> 
     </span>
     <span class='ocr_line' id='line_1_12' title="bbox 70 901 1605 956; baseline -0.001 -14"><span class='ocrx_word' id='word_1_98' title='bbox 70 904 157 943; x_wconf 88' lang='lat' dir='ltr'>suis</span> <span class='ocrx_word' id='word_1_99' title='bbox 198 903 392 956; x_wconf 85' lang='lat' dir='ltr'>propriis,</span> <span class='ocrx_word' id='word_1_100' title='bbox 429 904 618 955; x_wconf 81' lang='lat' dir='ltr'>exceptis</span> <span class='ocrx_word' id='word_1_101' title='bbox 660 904 796 956; x_wconf 88' lang='lat' dir='ltr'>captis</span> <span class='ocrx_word' id='word_1_102' title='bbox 838 917 914 956; x_wconf 89' lang='lat' dir='ltr'>pro</span> <span class='ocrx_word' id='word_1_103' title='bbox 955 906 1092 941; x_wconf 89' lang='lat' dir='ltr'>morte</span> <span class='ocrx_word' id='word_1_104' title='bbox 1127 901 1328 951; x_wconf 85' lang='lat' dir='ltr'>hominis,</span> <span class='ocrx_word' id='word_1_105' title='bbox 1362 903 1415 942; x_wconf 89' lang='lat' dir='ltr'>de</span> <span class='ocrx_word' id='word_1_106' title='bbox 1448 902 1605 955; x_wconf 87' lang='lat' dir='ltr'>quibus</span> 
     </span>
     <span class='ocr_line' id='line_1_13' title="bbox 69 965 1606 1020; baseline -0.001 -14"><span class='ocrx_word' id='word_1_107' title='bbox 69 966 322 1007; x_wconf 81' lang='lat' dir='ltr'>deliberacio</span> <span class='ocrx_word' id='word_1_108' title='bbox 352 966 486 1020; x_wconf 85' lang='lat' dir='ltr'>gaolae</span> <span class='ocrx_word' id='word_1_109' title='bbox 517 966 593 1006; x_wconf 85' lang='lat' dir='ltr'>fiet</span> <span class='ocrx_word' id='word_1_110' title='bbox 624 981 700 1020; x_wconf 90' lang='lat' dir='ltr'>per</span> <span class='ocrx_word' id='word_1_111' title='bbox 731 966 909 1006; x_wconf 78' lang='lat' dir='ltr'>ballivos</span> <span class='ocrx_word' id='word_1_112' title='bbox 931 967 1066 1019; x_wconf 89' lang='lat' dir='ltr'>ipsius</span> <span class='ocrx_word' id='word_1_113' title='bbox 1096 966 1277 1019; x_wconf 87' lang='lat' dir='ltr'>capituli</span> <span class='ocrx_word' id='word_1_114' title='bbox 1300 979 1439 1005; x_wconf 88' lang='lat' dir='ltr'>coram</span> <span class='ocrx_word' id='word_1_115' title='bbox 1462 965 1606 1018; x_wconf 88' lang='lat' dir='ltr'>aliquo</span> 
     </span>
     <span class='ocr_line' id='line_1_14' title="bbox 64 1030 1603 1085; baseline 0 -16"><span class='ocrx_word' id='word_1_116' title='bbox 64 1030 309 1084; x_wconf 82' lang='lat' dir='ltr'>justiciario</span> <span class='ocrx_word' id='word_1_117' title='bbox 341 1044 391 1070; x_wconf 82' lang='lat' dir='ltr'>ex</span> <span class='ocrx_word' id='word_1_118' title='bbox 423 1034 545 1083; x_wconf 84' lang='lat' dir='ltr'>parte</span> <span class='ocrx_word' id='word_1_119' title='bbox 577 1031 742 1070; x_wconf 90' lang='lat' dir='ltr'>domini</span> <span class='ocrx_word' id='word_1_120' title='bbox 774 1031 905 1085; x_wconf 77' lang='lat' dir='ltr'>Regis</span> <span class='ocrx_word' id='word_1_121' title='bbox 937 1031 1168 1084; x_wconf 84' lang='lat' dir='ltr'>assignato.</span> <span class='ocrx_word' id='word_1_122' title='bbox 1231 1031 1300 1069; x_wconf 89' lang='lat' dir='ltr'>Ita</span> <span class='ocrx_word' id='word_1_123' title='bbox 1320 1033 1467 1069; x_wconf 88' lang='lat' dir='ltr'>tamen</span> <span class='ocrx_word' id='word_1_124' title='bbox 1490 1030 1603 1082; x_wconf 90' lang='lat' dir='ltr'>quod</span> 
     </span>
     <span class='ocr_line' id='line_1_15' title="bbox 69 1092 1607 1147; baseline -0.001 -14"><span class='ocrx_word' id='word_1_125' title='bbox 69 1095 185 1133; x_wconf 89' lang='lat' dir='ltr'>idem</span> <span class='ocrx_word' id='word_1_126' title='bbox 194 1093 463 1147; x_wconf 78' lang='lat' dir='ltr'>justiciarius</span> <span class='ocrx_word' id='word_1_127' title='bbox 477 1094 539 1133; x_wconf 90' lang='lat' dir='ltr'>nil</span> <span class='ocrx_word' id='word_1_128' title='bbox 553 1094 714 1134; x_wconf 87' lang='lat' dir='ltr'>ibidem</span> <span class='ocrx_word' id='word_1_129' title='bbox 729 1094 872 1145; x_wconf 86' lang='lat' dir='ltr'>faciet,</span> <span class='ocrx_word' id='word_1_130' title='bbox 887 1108 966 1134; x_wconf 86' lang='lat' dir='ltr'>nec</span> <span class='ocrx_word' id='word_1_131' title='bbox 983 1094 1205 1134; x_wconf 89' lang='lat' dir='ltr'>recordum</span> <span class='ocrx_word' id='word_1_132' title='bbox 1222 1094 1339 1133; x_wconf 89' lang='lat' dir='ltr'>aliud</span> <span class='ocrx_word' id='word_1_133' title='bbox 1354 1092 1577 1133; x_wconf 85' lang='lat' dir='ltr'>habebunt</span> <span class='ocrx_word' id='word_1_134' title='bbox 1592 1096 1607 1116; x_wconf 77' lang='lat'><strong>²</strong></span> 
     </span>
     <span class='ocr_line' id='line_1_16' title="bbox 71 1157 1606 1211; baseline -0.001 -14"><span class='ocrx_word' id='word_1_135' title='bbox 71 1158 143 1197; x_wconf 85' lang='lat' dir='ltr'>sed</span> <span class='ocrx_word' id='word_1_136' title='bbox 174 1161 348 1197; x_wconf 87' lang='lat' dir='ltr'>tantum</span> <span class='ocrx_word' id='word_1_137' title='bbox 380 1159 433 1198; x_wconf 92' lang='lat' dir='ltr'>ad</span> <span class='ocrx_word' id='word_1_138' title='bbox 457 1159 821 1210; x_wconf 81' lang='lat' dir='ltr'>supervidendum</span> <span class='ocrx_word' id='word_1_139' title='bbox 853 1158 967 1211; x_wconf 90' lang='lat' dir='ltr'>quod</span> <span class='ocrx_word' id='word_1_140' title='bbox 999 1158 1194 1210; x_wconf 89' lang='lat' dir='ltr'>partibus</span> <span class='ocrx_word' id='word_1_141' title='bbox 1227 1158 1303 1197; x_wconf 86' lang='lat' dir='ltr'>fiat</span> <span class='ocrx_word' id='word_1_142' title='bbox 1338 1157 1528 1211; x_wconf 83' lang='lat' dir='ltr'>justitia,</span> <span class='ocrx_word' id='word_1_143' title='bbox 1561 1161 1606 1196; x_wconf 72' lang='lat' dir='ltr'>et</span> 
     </span>
     <span class='ocr_line' id='line_1_17' title="bbox 70 1220 1603 1274; baseline 0 -14"><span class='ocrx_word' id='word_1_144' title='bbox 70 1235 217 1261; x_wconf 85' lang='lat' dir='ltr'>omnes</span> <span class='ocrx_word' id='word_1_145' title='bbox 239 1222 342 1261; x_wconf 84' lang='lat' dir='ltr'>istas</span> <span class='ocrx_word' id='word_1_146' title='bbox 366 1222 588 1262; x_wconf 72' lang='lat' dir='ltr'>libertates</span> <span class='ocrx_word' id='word_1_147' title='bbox 621 1226 666 1261; x_wconf 39' lang='lat' dir='ltr'>ets</span> <span class='ocrx_word' id='word_1_148' title='bbox 697 1223 1031 1262; x_wconf 90' lang='lat' dir='ltr'>consuetudines</span> <span class='ocrx_word' id='word_1_149' title='bbox 1064 1221 1221 1261; x_wconf 85' lang='lat' dir='ltr'>habeat</span> <span class='ocrx_word' id='word_1_150' title='bbox 1254 1225 1298 1261; x_wconf 53' lang='lat' dir='ltr'>et&gt;</span> <span class='ocrx_word' id='word_1_151' title='bbox 1320 1220 1471 1261; x_wconf 87' lang='lat' dir='ltr'>habuit</span> <span class='ocrx_word' id='word_1_152' title='bbox 1495 1235 1603 1274; x_wconf 75' lang='lat' dir='ltr'>prae-</span> 
     </span>
     <span class='ocr_line' id='line_1_18' title="bbox 70 1285 1605 1339; baseline -0.001 -13"><span class='ocrx_word' id='word_1_153' title='bbox 70 1286 236 1326; x_wconf 86' lang='lat' dir='ltr'>dictum</span> <span class='ocrx_word' id='word_1_154' title='bbox 259 1286 514 1339; x_wconf 86' lang='lat' dir='ltr'>capitulum,</span> <span class='ocrx_word' id='word_1_155' title='bbox 539 1289 582 1325; x_wconf 67' lang='lat' dir='ltr'>et,</span> <span class='ocrx_word' id='word_1_156' title='bbox 604 1285 687 1325; x_wconf 90' lang='lat' dir='ltr'>hiis</span> <span class='ocrx_word' id='word_1_157' title='bbox 709 1287 916 1326; x_wconf 85' lang='lat' dir='ltr'>utebatur</span> <span class='ocrx_word' id='word_1_158' title='bbox 939 1287 1029 1325; x_wconf 92' lang='lat' dir='ltr'>sine</span> <span class='ocrx_word' id='word_1_159' title='bbox 1044 1286 1358 1339; x_wconf 84' lang='lat' dir='ltr'>impedimento</span> <span class='ocrx_word' id='word_1_160' title='bbox 1372 1300 1394 1324; x_wconf 88' lang='lat' dir='ltr'>a</span> <span class='ocrx_word' id='word_1_161' title='bbox 1411 1289 1605 1338; x_wconf 89' lang='lat' dir='ltr'>tempore</span> 
     </span>
     <span class='ocr_line' id='line_1_19' title="bbox 69 1349 1606 1404; baseline -0.001 -15"><span class='ocrx_word' id='word_1_162' title='bbox 69 1350 182 1404; x_wconf 86' lang='lat' dir='ltr'>regis</span> <span class='ocrx_word' id='word_1_163' title='bbox 204 1350 420 1389; x_wconf 86' lang='lat' dir='ltr'>Atelstani</span> <span class='ocrx_word' id='word_1_164' title='bbox 441 1364 517 1403; x_wconf 90' lang='lat' dir='ltr'>per</span> <span class='ocrx_word' id='word_1_165' title='bbox 545 1351 837 1390; x_wconf 87' lang='lat' dir='ltr'>concessiones</span> <span class='ocrx_word' id='word_1_166' title='bbox 870 1354 914 1389; x_wconf 81' lang='lat' dir='ltr'>et</span> <span class='ocrx_word' id='word_1_167' title='bbox 945 1350 1293 1389; x_wconf 85' lang='lat' dir='ltr'>confirmaciones</span> <span class='ocrx_word' id='word_1_168' title='bbox 1326 1349 1537 1403; x_wconf 86' lang='lat' dir='ltr'>ejusdem,</span> <span class='ocrx_word' id='word_1_169' title='bbox 1561 1353 1606 1389; x_wconf 87' lang='lat' dir='ltr'>et</span> 
     </span>
     <span class='ocr_line' id='line_1_20' title="bbox 70 1413 1605 1469; baseline -0.001 -16"><span class='ocrx_word' id='word_1_170' title='bbox 70 1428 120 1454; x_wconf 80' lang='lat' dir='ltr'>ex</span> <span class='ocrx_word' id='word_1_171' title='bbox 166 1414 495 1454; x_wconf 88' lang='lat' dir='ltr'>confirmacione</span> <span class='ocrx_word' id='word_1_172' title='bbox 536 1415 747 1455; x_wconf 77' lang='lat' dir='ltr'>willelmi</span> <span class='ocrx_word' id='word_1_173' title='bbox 790 1415 919 1469; x_wconf 85' lang='lat' dir='ltr'>Regis</span> <span class='ocrx_word' id='word_1_174' title='bbox 971 1414 1275 1467; x_wconf 84' lang='lat' dir='ltr'>conquaestoris</span> <span class='ocrx_word' id='word_1_175' title='bbox 1328 1418 1372 1453; x_wconf 88' lang='lat' dir='ltr'>et</span> <span class='ocrx_word' id='word_1_176' title='bbox 1423 1413 1605 1453; x_wconf 87' lang='lat' dir='ltr'>aliorum</span> 
     </span>
     <span class='ocr_line' id='line_1_21' title="bbox 70 1477 1606 1533; baseline -0.001 -15"><span class='ocrx_word' id='word_1_177' title='bbox 70 1492 223 1533; x_wconf 88' lang='lat' dir='ltr'>regum</span> <span class='ocrx_word' id='word_1_178' title='bbox 246 1478 428 1533; x_wconf 82' lang='lat' dir='ltr'>Angliae,</span> <span class='ocrx_word' id='word_1_179' title='bbox 451 1480 650 1532; x_wconf 89' lang='lat' dir='ltr'>quietum</span> <span class='ocrx_word' id='word_1_180' title='bbox 673 1483 717 1519; x_wconf 83' lang='lat' dir='ltr'>et</span> <span class='ocrx_word' id='word_1_181' title='bbox 743 1479 929 1519; x_wconf 92' lang='lat' dir='ltr'>liberum</span> <span class='ocrx_word' id='word_1_182' title='bbox 958 1492 1034 1532; x_wconf 92' lang='lat' dir='ltr'>pro</span> <span class='ocrx_word' id='word_1_183' title='bbox 1064 1479 1157 1532; x_wconf 86' lang='lat' dir='ltr'>ipso</span> <span class='ocrx_word' id='word_1_184' title='bbox 1179 1482 1223 1517; x_wconf 84' lang='lat' dir='ltr'>et</span> <span class='ocrx_word' id='word_1_185' title='bbox 1244 1477 1493 1517; x_wconf 88' lang='lat' dir='ltr'>hominibus</span> <span class='ocrx_word' id='word_1_186' title='bbox 1518 1479 1606 1517; x_wconf 87' lang='lat' dir='ltr'>suis</span> 
     </span>
     <span class='ocr_line' id='line_1_22' title="bbox 71 1543 1607 1595; baseline 0 -14"><span class='ocrx_word' id='word_1_187' title='bbox 71 1556 146 1595; x_wconf 90' lang='lat' dir='ltr'>per</span> <span class='ocrx_word' id='word_1_188' title='bbox 186 1546 329 1581; x_wconf 87' lang='lat' dir='ltr'>totum</span> <span class='ocrx_word' id='word_1_189' title='bbox 364 1543 539 1583; x_wconf 88' lang='lat' dir='ltr'>feodum</span> <span class='ocrx_word' id='word_1_190' title='bbox 584 1557 711 1583; x_wconf 89' lang='lat' dir='ltr'>suum</span> <span class='ocrx_word' id='word_1_191' title='bbox 754 1544 806 1583; x_wconf 87' lang='lat' dir='ltr'>ab</span> <span class='ocrx_word' id='word_1_192' title='bbox 849 1544 966 1582; x_wconf 89' lang='lat' dir='ltr'>omni</span> <span class='ocrx_word' id='word_1_193' title='bbox 1010 1544 1233 1592; x_wconf 85' lang='lat' dir='ltr'>servitute,</span> <span class='ocrx_word' id='word_1_194' title='bbox 1277 1543 1465 1592; x_wconf 80' lang='lat' dir='ltr'>servicio,</span> <span class='ocrx_word' id='word_1_195' title='bbox 1508 1557 1607 1581; x_wconf 91' lang='lat' dir='ltr'>con-</span> 
     </span>
     <span class='ocr_line' id='line_1_23' title="bbox 73 1607 1607 1660; baseline 0 -15"><span class='ocrx_word' id='word_1_196' title='bbox 73 1607 318 1657; x_wconf 86' lang='lat' dir='ltr'>suetudine,</span> <span class='ocrx_word' id='word_1_197' title='bbox 372 1612 415 1647; x_wconf 88' lang='lat' dir='ltr'>et</span> <span class='ocrx_word' id='word_1_198' title='bbox 465 1608 701 1647; x_wconf 77' lang='lat' dir='ltr'>exaccione.</span> <span class='ocrx_word' id='word_1_199' title='bbox 766 1608 833 1647; x_wconf 89' lang='lat' dir='ltr'>Ita</span> <span class='ocrx_word' id='word_1_200' title='bbox 875 1607 989 1660; x_wconf 90' lang='lat' dir='ltr'>quod</span> <span class='ocrx_word' id='word_1_201' title='bbox 1030 1621 1104 1646; x_wconf 81' lang='lat' dir='ltr'>rex</span> <span class='ocrx_word' id='word_1_202' title='bbox 1145 1620 1224 1646; x_wconf 88' lang='lat' dir='ltr'>nec</span> <span class='ocrx_word' id='word_1_203' title='bbox 1266 1607 1455 1646; x_wconf 84' lang='lat' dir='ltr'>ministri</span> <span class='ocrx_word' id='word_1_204' title='bbox 1497 1607 1607 1660; x_wconf 77' lang='lat' dir='ltr'>ejus,</span> 
     </span>
     <span class='ocr_line' id='line_1_24' title="bbox 71 1669 1607 1724; baseline 0 -15"><span class='ocrx_word' id='word_1_205' title='bbox 71 1684 150 1710; x_wconf 92' lang='lat' dir='ltr'>nec</span> <span class='ocrx_word' id='word_1_206' title='bbox 182 1669 523 1724; x_wconf 84' lang='lat' dir='ltr'>archiepiscopus</span> <span class='ocrx_word' id='word_1_207' title='bbox 565 1672 842 1711; x_wconf 87' lang='lat' dir='ltr'>Eboracensis</span> <span class='ocrx_word' id='word_1_208' title='bbox 884 1685 963 1711; x_wconf 90' lang='lat' dir='ltr'>nec</span> <span class='ocrx_word' id='word_1_209' title='bbox 995 1671 1183 1710; x_wconf 85' lang='lat' dir='ltr'>ministri</span> <span class='ocrx_word' id='word_1_210' title='bbox 1227 1670 1335 1723; x_wconf 85' lang='lat' dir='ltr'>ejus,</span> <span class='ocrx_word' id='word_1_211' title='bbox 1366 1670 1530 1723; x_wconf 85' lang='lat' dir='ltr'>aliquid</span> <span class='ocrx_word' id='word_1_212' title='bbox 1564 1686 1607 1709; x_wconf 84' lang='lat' dir='ltr'>se</span> 
     </span>
     <span class='ocr_line' id='line_1_25' title="bbox 71 1733 1603 1788; baseline 0 -15"><span class='ocrx_word' id='word_1_213' title='bbox 71 1734 349 1787; x_wconf 78' lang='lat' dir='ltr'>interponant</span> <span class='ocrx_word' id='word_1_214' title='bbox 370 1735 437 1774; x_wconf 90' lang='lat' dir='ltr'>vel</span> <span class='ocrx_word' id='word_1_215' title='bbox 460 1734 649 1775; x_wconf 81' lang='lat' dir='ltr'>habeant</span> <span class='ocrx_word' id='word_1_216' title='bbox 678 1736 952 1788; x_wconf 86' lang='lat' dir='ltr'>interponere</span> <span class='ocrx_word' id='word_1_217' title='bbox 986 1749 1113 1788; x_wconf 92' lang='lat' dir='ltr'>super</span> <span class='ocrx_word' id='word_1_218' title='bbox 1144 1733 1319 1774; x_wconf 89' lang='lat' dir='ltr'>feodum</span> <span class='ocrx_word' id='word_1_219' title='bbox 1352 1734 1539 1773; x_wconf 73' lang='lat' dir='ltr'>ecclesiae</span> <span class='ocrx_word' id='word_1_220' title='bbox 1563 1738 1603 1773; x_wconf 86' lang='lat' dir='ltr'>et</span> 
     </span>
     <span class='ocr_line' id='line_1_26' title="bbox 73 1797 1607 1851; baseline -0.001 -14"><span class='ocrx_word' id='word_1_221' title='bbox 73 1798 251 1851; x_wconf 86' lang='lat' dir='ltr'>capituli</span> <span class='ocrx_word' id='word_1_222' title='bbox 273 1799 589 1851; x_wconf 77' lang='lat' dir='ltr'>praedictorum,</span> <span class='ocrx_word' id='word_1_223' title='bbox 613 1803 658 1839; x_wconf 83' lang='lat' dir='ltr'>et</span> <span class='ocrx_word' id='word_1_224' title='bbox 679 1813 827 1839; x_wconf 88' lang='lat' dir='ltr'>omnes</span> <span class='ocrx_word' id='word_1_225' title='bbox 849 1800 952 1838; x_wconf 86' lang='lat' dir='ltr'>istas</span> <span class='ocrx_word' id='word_1_226' title='bbox 985 1799 1210 1838; x_wconf 80' lang='lat' dir='ltr'>libertates</span> <span class='ocrx_word' id='word_1_227' title='bbox 1242 1797 1405 1837; x_wconf 87' lang='lat' dir='ltr'>habent</span> <span class='ocrx_word' id='word_1_228' title='bbox 1428 1798 1607 1838; x_wconf 80' lang='lat' dir='ltr'>ecclesia</span> 
     </span>
     <span class='ocr_line' id='line_1_27' title="bbox 73 1862 1605 1915; baseline -0.002 -13"><span class='ocrx_word' id='word_1_229' title='bbox 73 1866 118 1902; x_wconf 80' lang='lat' dir='ltr'>et</span> <span class='ocrx_word' id='word_1_230' title='bbox 139 1863 391 1915; x_wconf 69' lang='lat' dir='ltr'>praepositus</span> <span class='ocrx_word' id='word_1_231' title='bbox 415 1863 562 1903; x_wconf 80' lang='lat' dir='ltr'>Sancti</span> <span class='ocrx_word' id='word_1_232' title='bbox 585 1863 611 1903; x_wconf 87' lang='lat' dir='ltr'>J</span> <span class='ocrx_word' id='word_1_233' title='bbox 615 1862 795 1902; x_wconf 85' lang='lat' dir='ltr'>ohannis</span> <span class='ocrx_word' id='word_1_234' title='bbox 822 1862 1155 1912; x_wconf 83' lang='lat' dir='ltr'>Beverlacensis‚</span> <span class='ocrx_word' id='word_1_235' title='bbox 1180 1865 1223 1901; x_wconf 90' lang='lat' dir='ltr'>et</span> <span class='ocrx_word' id='word_1_236' title='bbox 1254 1876 1279 1900; x_wconf 88' lang='lat' dir='ltr'>a</span> <span class='ocrx_word' id='word_1_237' title='bbox 1299 1865 1391 1901; x_wconf 86' lang='lat' dir='ltr'>toto</span> <span class='ocrx_word' id='word_1_238' title='bbox 1412 1865 1605 1914; x_wconf 89' lang='lat' dir='ltr'>tempore</span> 
     </span>
     <span class='ocr_line' id='line_1_28' title="bbox 72 1924 1606 1980; baseline -0.001 -15"><span class='ocrx_word' id='word_1_239' title='bbox 72 1924 332 1976; x_wconf 83' lang='lat' dir='ltr'>habuerunt,</span> <span class='ocrx_word' id='word_1_240' title='bbox 355 1940 434 1966; x_wconf 89' lang='lat' dir='ltr'>nec</span> <span class='ocrx_word' id='word_1_241' title='bbox 466 1941 660 1980; x_wconf 86' lang='lat' dir='ltr'>unquam</span> <span class='ocrx_word' id='word_1_242' title='bbox 691 1927 846 1980; x_wconf 87' lang='lat' dir='ltr'>aliquis</span> <span class='ocrx_word' id='word_1_243' title='bbox 878 1925 1223 1979; x_wconf 83' lang='lat' dir='ltr'>archiepiscopus</span> <span class='ocrx_word' id='word_1_244' title='bbox 1255 1939 1334 1965; x_wconf 89' lang='lat' dir='ltr'>nec</span> <span class='ocrx_word' id='word_1_245' title='bbox 1367 1925 1516 1965; x_wconf 80' lang='lat' dir='ltr'>ballivi</span> <span class='ocrx_word' id='word_1_246' title='bbox 1540 1925 1606 1964; x_wconf 89' lang='lat' dir='ltr'>sui</span> 
     </span>
     <span class='ocr_line' id='line_1_29' title="bbox 73 1988 1607 2045; baseline -0.001 -17"><span class='ocrx_word' id='word_1_247' title='bbox 73 1989 235 2043; x_wconf 88' lang='lat' dir='ltr'>aliquid</span> <span class='ocrx_word' id='word_1_248' title='bbox 257 1988 504 2030; x_wconf 83' lang='lat' dir='ltr'>habuerunt</span> <span class='ocrx_word' id='word_1_249' title='bbox 525 1991 593 2030; x_wconf 85' lang='lat' dir='ltr'>vel</span> <span class='ocrx_word' id='word_1_250' title='bbox 616 1991 859 2045; x_wconf 82' lang='lat' dir='ltr'>exigerunt,</span> <span class='ocrx_word' id='word_1_251' title='bbox 882 2003 960 2029; x_wconf 87' lang='lat' dir='ltr'>nec</span> <span class='ocrx_word' id='word_1_252' title='bbox 983 1989 1333 2038; x_wconf 83' lang='lat' dir='ltr'>consuetudines,</span> <span class='ocrx_word' id='word_1_253' title='bbox 1357 1993 1505 2038; x_wconf 84' lang='lat' dir='ltr'>sectas,</span> <span class='ocrx_word' id='word_1_254' title='bbox 1528 2002 1607 2028; x_wconf 88' lang='lat' dir='ltr'>nec</span> 
     </span>
     <span class='ocr_line' id='line_1_30' title="bbox 74 2052 1609 2107; baseline -0.001 -15"><span class='ocrx_word' id='word_1_255' title='bbox 74 2054 250 2092; x_wconf 87' lang='lat' dir='ltr'>servicia</span> <span class='ocrx_word' id='word_1_256' title='bbox 289 2067 414 2107; x_wconf 87' lang='lat' dir='ltr'>super</span> <span class='ocrx_word' id='word_1_257' title='bbox 456 2054 631 2094; x_wconf 88' lang='lat' dir='ltr'>feodum</span> <span class='ocrx_word' id='word_1_258' title='bbox 666 2058 709 2094; x_wconf 85' lang='lat' dir='ltr'>et</span> <span class='ocrx_word' id='word_1_259' title='bbox 745 2057 945 2093; x_wconf 90' lang='lat' dir='ltr'>tenentes</span> <span class='ocrx_word' id='word_1_260' title='bbox 980 2053 1169 2093; x_wconf 74' lang='lat' dir='ltr'>ecclesiae</span> <span class='ocrx_word' id='word_1_261' title='bbox 1204 2056 1248 2092; x_wconf 87' lang='lat' dir='ltr'>et</span> <span class='ocrx_word' id='word_1_262' title='bbox 1284 2052 1465 2106; x_wconf 87' lang='lat' dir='ltr'>capituli</span> <span class='ocrx_word' id='word_1_263' title='bbox 1502 2066 1609 2105; x_wconf 68' lang='lat' dir='ltr'>prze-</span> 
     </span>
     <span class='ocr_line' id='line_1_31' title="bbox 73 2116 1608 2172; baseline -0.001 -16"><span class='ocrx_word' id='word_1_264' title='bbox 73 2117 299 2166; x_wconf 86' lang='lat' dir='ltr'>dictorum,</span> <span class='ocrx_word' id='word_1_265' title='bbox 322 2132 400 2158; x_wconf 86' lang='lat' dir='ltr'>nec</span> <span class='ocrx_word' id='word_1_266' title='bbox 423 2119 476 2158; x_wconf 87' lang='lat' dir='ltr'>de</span> <span class='ocrx_word' id='word_1_267' title='bbox 493 2117 592 2172; x_wconf 88' lang='lat' dir='ltr'>jure</span> <span class='ocrx_word' id='word_1_268' title='bbox 615 2117 771 2158; x_wconf 89' lang='lat' dir='ltr'>habere</span> <span class='ocrx_word' id='word_1_269' title='bbox 794 2117 1017 2167; x_wconf 85' lang='lat' dir='ltr'>deberent,</span> <span class='ocrx_word' id='word_1_270' title='bbox 1039 2118 1123 2156; x_wconf 90' lang='lat' dir='ltr'>nisi</span> <span class='ocrx_word' id='word_1_271' title='bbox 1139 2117 1233 2170; x_wconf 88' lang='lat' dir='ltr'>jam</span> <span class='ocrx_word' id='word_1_272' title='bbox 1247 2116 1359 2156; x_wconf 85' lang='lat' dir='ltr'>infra</span> <span class='ocrx_word' id='word_1_273' title='bbox 1372 2120 1459 2156; x_wconf 86' lang='lat' dir='ltr'>tres</span> <span class='ocrx_word' id='word_1_274' title='bbox 1476 2130 1608 2156; x_wconf 86' lang='lat' dir='ltr'>annos</span> 
     </span>
     <span class='ocr_line' id='line_1_32' title="bbox 73 2180 1609 2235; baseline -0.001 -15"><span class='ocrx_word' id='word_1_275' title='bbox 73 2182 264 2234; x_wconf 75' lang='lat' dir='ltr'>proximo</span> <span class='ocrx_word' id='word_1_276' title='bbox 286 2181 454 2221; x_wconf 90' lang='lat' dir='ltr'>futuros</span> <span class='ocrx_word' id='word_1_277' title='bbox 476 2183 590 2235; x_wconf 92' lang='lat' dir='ltr'>quod</span> <span class='ocrx_word' id='word_1_278' title='bbox 611 2186 701 2221; x_wconf 84' lang='lat' dir='ltr'>tam</span> <span class='ocrx_word' id='word_1_279' title='bbox 724 2182 954 2235; x_wconf 83' lang='lat' dir='ltr'>praedictus</span> <span class='ocrx_word' id='word_1_280' title='bbox 976 2180 1205 2234; x_wconf 89' lang='lat' dir='ltr'>Philippus</span> <span class='ocrx_word' id='word_1_281' title='bbox 1228 2195 1357 2234; x_wconf 87' lang='lat' dir='ltr'>quam</span> <span class='ocrx_word' id='word_1_282' title='bbox 1380 2181 1609 2233; x_wconf 70' lang='lat' dir='ltr'>praedictus</span> 
     </span>
     <span class='ocr_line' id='line_1_33' title="bbox 75 2244 1607 2299; baseline -0.001 -15"><span class='ocrx_word' id='word_1_283' title='bbox 75 2244 320 2285; x_wconf 78' lang='lat' dir='ltr'>willelmus</span> <span class='ocrx_word' id='word_1_284' title='bbox 341 2246 394 2285; x_wconf 91' lang='lat' dir='ltr'>de</span> <span class='ocrx_word' id='word_1_285' title='bbox 416 2245 736 2299; x_wconf 54' lang='lat' dir='ltr'>WVynchcombe</span> <span class='ocrx_word' id='word_1_286' title='bbox 758 2246 981 2285; x_wconf 82' lang='lat' dir='ltr'>libertates</span> <span class='ocrx_word' id='word_1_287' title='bbox 1003 2246 1227 2298; x_wconf 76' lang='lat' dir='ltr'>praedictas</span> <span class='ocrx_word' id='word_1_288' title='bbox 1250 2244 1539 2299; x_wconf 84' lang='lat' dir='ltr'>infregerunt,</span> <span class='ocrx_word' id='word_1_289' title='bbox 1563 2248 1607 2283; x_wconf 83' lang='lat' dir='ltr'>et</span> 
     </span>
     <span class='ocr_line' id='line_1_34' title="bbox 75 2308 1608 2365; baseline -0.001 -18"><span class='ocrx_word' id='word_1_290' title='bbox 75 2309 218 2361; x_wconf 87' lang='lat' dir='ltr'>plures</span> <span class='ocrx_word' id='word_1_291' title='bbox 242 2310 506 2349; x_wconf 85' lang='lat' dir='ltr'>extorciones</span> <span class='ocrx_word' id='word_1_292' title='bbox 530 2314 574 2349; x_wconf 79' lang='lat' dir='ltr'>et</span> <span class='ocrx_word' id='word_1_293' title='bbox 595 2310 846 2365; x_wconf 81' lang='lat' dir='ltr'>gravamina</span> <span class='ocrx_word' id='word_1_294' title='bbox 869 2323 996 2362; x_wconf 91' lang='lat' dir='ltr'>super</span> <span class='ocrx_word' id='word_1_295' title='bbox 1018 2308 1193 2348; x_wconf 88' lang='lat' dir='ltr'>feodum</span> <span class='ocrx_word' id='word_1_296' title='bbox 1211 2308 1392 2360; x_wconf 85' lang='lat' dir='ltr'>capituli</span> <span class='ocrx_word' id='word_1_297' title='bbox 1415 2308 1608 2361; x_wconf 75' lang='lat' dir='ltr'>praedicti</span> 
     </span>
     <span class='ocr_line' id='line_1_35' title="bbox 75 2371 1609 2425; baseline -0.001 -13"><span class='ocrx_word' id='word_1_298' title='bbox 75 2386 150 2425; x_wconf 91' lang='lat' dir='ltr'>pro</span> <span class='ocrx_word' id='word_1_299' title='bbox 186 2374 483 2413; x_wconf 85' lang='lat' dir='ltr'>exaccionibus</span> <span class='ocrx_word' id='word_1_300' title='bbox 514 2388 600 2413; x_wconf 90' lang='lat' dir='ltr'>non</span> <span class='ocrx_word' id='word_1_301' title='bbox 631 2374 790 2413; x_wconf 90' lang='lat' dir='ltr'>debitis</span> <span class='ocrx_word' id='word_1_302' title='bbox 822 2372 1033 2423; x_wconf 85' lang='lat' dir='ltr'>fecerunt,</span> <span class='ocrx_word' id='word_1_303' title='bbox 1066 2386 1114 2412; x_wconf 86' lang='lat' dir='ltr'>ac</span> <span class='ocrx_word' id='word_1_304' title='bbox 1144 2371 1355 2411; x_wconf 87' lang='lat' dir='ltr'>trahendo</span> <span class='ocrx_word' id='word_1_305' title='bbox 1386 2372 1609 2412; x_wconf 82' lang='lat' dir='ltr'>libertates</span> 
     </span>
     <span class='ocr_line' id='line_1_36' title="bbox 75 2434 1609 2490; baseline -0.001 -15"><span class='ocrx_word' id='word_1_306' title='bbox 75 2436 253 2489; x_wconf 84' lang='lat' dir='ltr'>capituli</span> <span class='ocrx_word' id='word_1_307' title='bbox 266 2438 459 2490; x_wconf 73' lang='lat' dir='ltr'>praedicti</span> <span class='ocrx_word' id='word_1_308' title='bbox 473 2438 527 2477; x_wconf 82' lang='lat' dir='ltr'>ad</span> <span class='ocrx_word' id='word_1_309' title='bbox 540 2438 782 2477; x_wconf 86' lang='lat' dir='ltr'>manerium</span> <span class='ocrx_word' id='word_1_310' title='bbox 797 2436 932 2489; x_wconf 89' lang='lat' dir='ltr'>ipsius</span> <span class='ocrx_word' id='word_1_311' title='bbox 949 2434 1256 2489; x_wconf 87' lang='lat' dir='ltr'>archiepiscopi</span> <span class='ocrx_word' id='word_1_312' title='bbox 1270 2439 1392 2488; x_wconf 89' lang='lat' dir='ltr'>propt</span> <span class='ocrx_word' id='word_1_313' title='bbox 1399 2449 1442 2474; x_wconf 91' lang='lat' dir='ltr'>er</span> <span class='ocrx_word' id='word_1_314' title='bbox 1456 2435 1609 2475; x_wconf 89' lang='lat' dir='ltr'>debili-</span> 
     </span>
     <span class='ocr_line' id='line_1_37' title="bbox 76 2500 1607 2554; baseline -0.001 -15"><span class='ocrx_word' id='word_1_315' title='bbox 76 2503 211 2539; x_wconf 84' lang='lat' dir='ltr'>tatem</span> <span class='ocrx_word' id='word_1_316' title='bbox 229 2504 273 2540; x_wconf 86' lang='lat' dir='ltr'>et</span> <span class='ocrx_word' id='word_1_317' title='bbox 286 2502 593 2554; x_wconf 88' lang='lat' dir='ltr'>impotenciam</span> <span class='ocrx_word' id='word_1_318' title='bbox 608 2502 742 2554; x_wconf 89' lang='lat' dir='ltr'>ipsius</span> <span class='ocrx_word' id='word_1_319' title='bbox 758 2500 937 2553; x_wconf 84' lang='lat' dir='ltr'>capituli</span> <span class='ocrx_word' id='word_1_320' title='bbox 953 2504 996 2539; x_wconf 83' lang='lat' dir='ltr'>et</span> <span class='ocrx_word' id='word_1_321' title='bbox 1009 2500 1211 2539; x_wconf 63' lang='lat' dir='ltr'>ecclesiae.</span> <span class='ocrx_word' id='word_1_322' title='bbox 1254 2500 1307 2538; x_wconf 91' lang='lat' dir='ltr'>Et</span> <span class='ocrx_word' id='word_1_323' title='bbox 1327 2500 1475 2538; x_wconf 90' lang='lat' dir='ltr'>dicunt</span> <span class='ocrx_word' id='word_1_324' title='bbox 1495 2500 1607 2552; x_wconf 89' lang='lat' dir='ltr'>quod</span> 
     </span>
     <span class='ocr_line' id='line_1_38' title="bbox 76 2563 1608 2618; baseline 0 -16"><span class='ocrx_word' id='word_1_325' title='bbox 76 2563 191 2603; x_wconf 88' lang='lat' dir='ltr'>idem</span> <span class='ocrx_word' id='word_1_326' title='bbox 204 2564 547 2618; x_wconf 85' lang='lat' dir='ltr'>archiepiscopus</span> <span class='ocrx_word' id='word_1_327' title='bbox 560 2564 691 2605; x_wconf 86' lang='lat' dir='ltr'>habet.</span> <span class='ocrx_word' id='word_1_328' title='bbox 714 2565 960 2604; x_wconf 86' lang='lat' dir='ltr'>libertatem</span> <span class='ocrx_word' id='word_1_329' title='bbox 984 2578 1105 2603; x_wconf 84' lang='lat' dir='ltr'>suam</span> <span class='ocrx_word' id='word_1_330' title='bbox 1128 2565 1172 2603; x_wconf 89' lang='lat' dir='ltr'>in</span> <span class='ocrx_word' id='word_1_331' title='bbox 1196 2565 1347 2617; x_wconf 83' lang='lat' dir='ltr'>Rypon</span> <span class='ocrx_word' id='word_1_332' title='bbox 1370 2577 1445 2616; x_wconf 88' lang='lat' dir='ltr'>per</span> <span class='ocrx_word' id='word_1_333' title='bbox 1465 2567 1608 2602; x_wconf 87' lang='lat' dir='ltr'>totum</span> 
     </span>
     <span class='ocr_line' id='line_1_39' title="bbox 76 2625 1607 2682; baseline -0.001 -16"><span class='ocrx_word' id='word_1_334' title='bbox 76 2625 248 2667; x_wconf 86' lang='lat' dir='ltr'>feodum</span> <span class='ocrx_word' id='word_1_335' title='bbox 267 2643 409 2678; x_wconf 86' lang='lat' dir='ltr'>suum,</span> <span class='ocrx_word' id='word_1_336' title='bbox 428 2633 469 2668; x_wconf 89' lang='lat' dir='ltr'>et</span> <span class='ocrx_word' id='word_1_337' title='bbox 487 2629 726 2682; x_wconf 88' lang='lat' dir='ltr'>capitulum</span> <span class='ocrx_word' id='word_1_338' title='bbox 741 2632 783 2668; x_wconf 89' lang='lat' dir='ltr'>et</span> <span class='ocrx_word' id='word_1_339' title='bbox 799 2628 974 2668; x_wconf 88' lang='lat' dir='ltr'>ecclesia</span> <span class='ocrx_word' id='word_1_340' title='bbox 988 2628 1190 2680; x_wconf 71' lang='lat' dir='ltr'>praedicta</span> <span class='ocrx_word' id='word_1_341' title='bbox 1204 2628 1363 2667; x_wconf 87' lang='lat' dir='ltr'>ibidem</span> <span class='ocrx_word' id='word_1_342' title='bbox 1380 2641 1454 2680; x_wconf 91' lang='lat' dir='ltr'>per</span> <span class='ocrx_word' id='word_1_343' title='bbox 1466 2629 1607 2665; x_wconf 86' lang='lat' dir='ltr'>totum</span> 
     </span>
     <span class='ocr_line' id='line_1_40' title="bbox 77 2689 1607 2745; baseline -0.001 -15"><span class='ocrx_word' id='word_1_344' title='bbox 77 2689 250 2731; x_wconf 88' lang='lat' dir='ltr'>feodum</span> <span class='ocrx_word' id='word_1_345' title='bbox 293 2706 434 2743; x_wconf 85' lang='lat' dir='ltr'>suum,</span> <span class='ocrx_word' id='word_1_346' title='bbox 469 2693 530 2732; x_wconf 87' lang='lat' dir='ltr'>ita</span> <span class='ocrx_word' id='word_1_347' title='bbox 571 2693 684 2745; x_wconf 85' lang='lat' dir='ltr'>quod</span> <span class='ocrx_word' id='word_1_348' title='bbox 726 2696 880 2731; x_wconf 87' lang='lat' dir='ltr'>neuter</span> <span class='ocrx_word' id='word_1_349' title='bbox 902 2691 1075 2730; x_wconf 90' lang='lat' dir='ltr'>illorum</span> <span class='ocrx_word' id='word_1_350' title='bbox 1097 2705 1173 2744; x_wconf 89' lang='lat' dir='ltr'>per</span> <span class='ocrx_word' id='word_1_351' title='bbox 1196 2705 1239 2730; x_wconf 90' lang='lat' dir='ltr'>se</span> <span class='ocrx_word' id='word_1_352' title='bbox 1261 2690 1329 2729; x_wconf 80' lang='lat' dir='ltr'>vel</span> <span class='ocrx_word' id='word_1_353' title='bbox 1352 2690 1607 2729; x_wconf 72' lang='lat' dir='ltr'>ballivorum</span> 
     </span>
     <span class='ocr_line' id='line_1_41' title="bbox 80 2755 1611 2809; baseline -0.001 -15"><span class='ocrx_word' id='word_1_354' title='bbox 80 2768 252 2795; x_wconf 87' lang='lat' dir='ltr'>suorum</span> <span class='ocrx_word' id='word_1_355' title='bbox 283 2757 516 2809; x_wconf 85' lang='lat' dir='ltr'>usurpabat</span> <span class='ocrx_word' id='word_1_356' title='bbox 541 2770 667 2809; x_wconf 88' lang='lat' dir='ltr'>super</span> <span class='ocrx_word' id='word_1_357' title='bbox 689 2755 862 2796; x_wconf 88' lang='lat' dir='ltr'>feodum</span> <span class='ocrx_word' id='word_1_358' title='bbox 886 2756 1077 2806; x_wconf 78' lang='lat' dir='ltr'>alterius,</span> <span class='ocrx_word' id='word_1_359' title='bbox 1099 2769 1176 2795; x_wconf 89' lang='lat' dir='ltr'>nec</span> <span class='ocrx_word' id='word_1_360' title='bbox 1198 2755 1352 2807; x_wconf 86' lang='lat' dir='ltr'>aliquis</span> <span class='ocrx_word' id='word_1_361' title='bbox 1375 2755 1611 2794; x_wconf 76' lang='lat' dir='ltr'>vicecomes</span> 
     </span>
    </p>
   </div>
   <div class='ocr_carea' id='block_1_3' title="bbox 199 2848 506 2891">
    <p class='ocr_par' dir='ltr' id='par_1_3' title="bbox 199 2848 506 2891">
     <span class='ocr_line' id='line_1_42' title="bbox 199 2848 506 2891; baseline -0.003 -9"><span class='ocrx_word' id='word_1_362' title='bbox 199 2848 253 2891; x_wconf 65' lang='grc'>(1)</span> <span class='ocrx_word' id='word_1_363' title='bbox 281 2848 358 2881; x_wconf 78' lang='lat' dir='ltr'>MS.</span> <span class='ocrx_word' id='word_1_364' title='bbox 376 2848 440 2882; x_wconf 84' lang='lat' dir='ltr'>has</span> <span class='ocrx_word' id='word_1_365' title='bbox 459 2852 506 2881; x_wconf 81' lang='lat' dir='ltr'>w‘.</span> 
     </span>
    </p>
   </div>
   <div class='ocr_carea' id='block_1_4' title="bbox 201 2896 1482 2944">
    <p class='ocr_par' dir='ltr' id='par_1_4' title="bbox 201 2896 1482 2944">
     <span class='ocr_line' id='line_1_43' title="bbox 201 2896 1482 2944; baseline -0.001 -12"><span class='ocrx_word' id='word_1_366' title='bbox 201 2900 256 2942; x_wconf 58' lang='grc' dir='ltr'>(ΞΠ</span> <span class='ocrx_word' id='word_1_367' title='bbox 285 2903 292 2918; x_wconf 88' lang='lat'>‘</span> <span class='ocrx_word' id='word_1_368' title='bbox 309 2899 503 2934; x_wconf 76' lang='lat' dir='ltr'>Habebunt</span> <span class='ocrx_word' id='word_1_369' title='bbox 517 2900 523 2909; x_wconf 86' lang='grc'><em>“</em></span> <span class='ocrx_word' id='word_1_370' title='bbox 539 2914 546 2936; x_wconf 84' lang='grc'>;</span> <span class='ocrx_word' id='word_1_371' title='bbox 573 2912 590 2933; x_wconf 80' lang='lat' dir='ltr'>a</span> <span class='ocrx_word' id='word_1_372' title='bbox 609 2899 717 2934; x_wconf 78' lang='lat' dir='ltr'>blank</span> <span class='ocrx_word' id='word_1_373' title='bbox 735 2898 769 2933; x_wconf 85' lang='lat' dir='ltr'>in</span> <span class='ocrx_word' id='word_1_374' title='bbox 790 2900 849 2934; x_wconf 82' lang='lat' dir='ltr'>the</span> <span class='ocrx_word' id='word_1_375' title='bbox 869 2899 944 2933; x_wconf 78' lang='lat' dir='ltr'>MS.</span> <span class='ocrx_word' id='word_1_376' title='bbox 965 2898 1062 2933; x_wconf 83' lang='lat' dir='ltr'>filled</span> <span class='ocrx_word' id='word_1_377' title='bbox 1082 2910 1126 2944; x_wconf 84' lang='lat' dir='ltr'>up</span> <span class='ocrx_word' id='word_1_378' title='bbox 1144 2897 1191 2943; x_wconf 68' lang='lat' dir='ltr'>by</span> <span class='ocrx_word' id='word_1_379' title='bbox 1210 2897 1357 2931; x_wconf 82' lang='lat' dir='ltr'>another</span> <span class='ocrx_word' id='word_1_380' title='bbox 1375 2896 1482 2931; x_wconf 86' lang='lat' dir='ltr'>hand.</span> 
     </span>
    </p>
   </div>
   <div class='ocr_carea' id='block_1_5' title="bbox 1639 523 1841 945">
    <p class='ocr_par' dir='ltr' id='par_1_5' title="bbox 1639 523 1839 669">
     <span class='ocr_line' id='line_1_44' title="bbox 1642 523 1839 552; baseline 0.005 -1"><span class='ocrx_word' id='word_1_381' title='bbox 1642 523 1676 551; x_wconf 85' lang='lat' dir='ltr'>Iu</span> <span class='ocrx_word' id='word_1_382' title='bbox 1694 523 1747 552; x_wconf 68' lang='lat' dir='ltr'>tho</span> <span class='ocrx_word' id='word_1_383' title='bbox 1761 523 1839 552; x_wconf 78' lang='lat' dir='ltr'>time</span> 
     </span>
     <span class='ocr_line' id='line_1_45' title="bbox 1639 562 1781 597; baseline 0 -7"><span class='ocrx_word' id='word_1_384' title='bbox 1639 563 1673 590; x_wconf 83' lang='lat' dir='ltr'>of</span> <span class='ocrx_word' id='word_1_385' title='bbox 1694 562 1781 597; x_wconf 59' lang='lat' dir='ltr'>king</span> 
     </span>
     <span class='ocr_line' id='line_1_46' title="bbox 1640 602 1803 635; baseline 0.006 -6"><span class='ocrx_word' id='word_1_386' title='bbox 1640 602 1732 635; x_wconf 70' lang='lat' dir='ltr'>John,</span> <span class='ocrx_word' id='word_1_387' title='bbox 1749 603 1803 630; x_wconf 71' lang='lat' dir='ltr'>tile</span> 
     </span>
     <span class='ocr_line' id='line_1_47' title="bbox 1641 641 1778 669; baseline -0.007 0"><span class='ocrx_word' id='word_1_388' title='bbox 1641 641 1778 669; x_wconf 74' lang='lat' dir='ltr'>liberties</span> 
     </span>
    </p>

    <p class='ocr_par' dir='ltr' id='par_1_6' title="bbox 1639 681 1841 945">
     <span class='ocr_line' id='line_1_48' title="bbox 1639 681 1742 708; baseline 0.01 -1"><span class='ocrx_word' id='word_1_389' title='bbox 1639 681 1673 708; x_wconf 81' lang='lat' dir='ltr'>of</span> <span class='ocrx_word' id='word_1_390' title='bbox 1690 681 1742 708; x_wconf 81' lang='lat' dir='ltr'>the</span> 
     </span>
     <span class='ocr_line' id='line_1_49' title="bbox 1641 719 1778 756; baseline -0.007 -8"><span class='ocrx_word' id='word_1_391' title='bbox 1641 719 1778 756; x_wconf 75' lang='lat' dir='ltr'>Chapter</span> 
     </span>
     <span class='ocr_line' id='line_1_50' title="bbox 1640 768 1782 787; baseline 0 -1"><span class='ocrx_word' id='word_1_392' title='bbox 1640 768 1720 787; x_wconf 75' lang='lat' dir='ltr'>were</span> <span class='ocrx_word' id='word_1_393' title='bbox 1736 768 1782 786; x_wconf 83' lang='lat' dir='ltr'>re-</span> 
     </span>
     <span class='ocr_line' id='line_1_51' title="bbox 1640 798 1764 835; baseline 0.008 -10"><span class='ocrx_word' id='word_1_394' title='bbox 1640 798 1764 835; x_wconf 71' lang='lat' dir='ltr'>spcctcd</span> 
     </span>
     <span class='ocr_line' id='line_1_52' title="bbox 1641 838 1822 871; baseline 0.006 -6"><span class='ocrx_word' id='word_1_395' title='bbox 1641 838 1756 871; x_wconf 68' lang='lat' dir='ltr'>(turim,r</span> <span class='ocrx_word' id='word_1_396' title='bbox 1772 838 1822 866; x_wconf 83' lang='lat' dir='ltr'>his</span> 
     </span>
     <span class='ocr_line' id='line_1_53' title="bbox 1640 876 1799 904; baseline 0.006 -1"><span class='ocrx_word' id='word_1_397' title='bbox 1640 886 1705 904; x_wconf 79' lang='lat' dir='ltr'>war</span> <span class='ocrx_word' id='word_1_398' title='bbox 1721 876 1799 904; x_wconf 80' lang='lat' dir='ltr'>with</span> 
     </span>
     <span class='ocr_line' id='line_1_54' title="bbox 1641 916 1841 945; baseline 0.005 -1"><span class='ocrx_word' id='word_1_399' title='bbox 1641 916 1695 944; x_wconf 77' lang='lat' dir='ltr'>the</span> <span class='ocrx_word' id='word_1_400' title='bbox 1718 916 1841 945; x_wconf 81' lang='lat' dir='ltr'>barons.</span> 
     </span>
    </p>
   </div>
   <div class='ocr_carea' id='block_1_6' title="bbox 1641 1865 1842 2138">
    <p class='ocr_par' dir='ltr' id='par_1_7' title="bbox 1641 1865 1842 2138">
     <span class='ocr_line' id='line_1_55' title="bbox 1641 1865 1708 1894; baseline 0.015 -1"><span class='ocrx_word' id='word_1_401' title='bbox 1641 1865 1708 1894; x_wconf 84' lang='lat' dir='ltr'>The</span> 
     </span>
     <span class='ocr_line' id='line_1_56' title="bbox 1642 1905 1821 1933; baseline 0 0"><span class='ocrx_word' id='word_1_402' title='bbox 1642 1905 1768 1933; x_wconf 73' lang='lat' dir='ltr'>cnm-eh</span> <span class='ocrx_word' id='word_1_403' title='bbox 1786 1905 1821 1933; x_wconf 76' lang='lat' dir='ltr'>of</span> 
     </span>
     <span class='ocr_line' id='line_1_57' title="bbox 1644 1943 1837 1973; baseline 0.01 -2"><span class='ocrx_word' id='word_1_404' title='bbox 1644 1943 1689 1973; x_wconf 76' lang='lat' dir='ltr'>St.</span> <span class='ocrx_word' id='word_1_405' title='bbox 1706 1944 1788 1973; x_wconf 55' lang='lat' dir='ltr'>,John</span> <span class='ocrx_word' id='word_1_406' title='bbox 1801 1944 1837 1973; x_wconf 90' lang='lat' dir='ltr'>of</span> 
     </span>
     <span class='ocr_line' id='line_1_58' title="bbox 1644 1983 1796 2021; baseline 0 -10"><span class='ocrx_word' id='word_1_407' title='bbox 1644 1983 1796 2021; x_wconf 66' lang='lat' dir='ltr'>Beverley</span> 
     </span>
     <span class='ocr_line' id='line_1_59' title="bbox 1643 2023 1767 2050; baseline 0 0"><span class='ocrx_word' id='word_1_408' title='bbox 1643 2023 1697 2050; x_wconf 76' lang='lat' dir='ltr'>has</span> <span class='ocrx_word' id='word_1_409' title='bbox 1714 2023 1767 2050; x_wconf 85' lang='lat' dir='ltr'>the</span> 
     </span>
     <span class='ocr_line' id='line_1_60' title="bbox 1644 2061 1842 2099; baseline 0 -10"><span class='ocrx_word' id='word_1_410' title='bbox 1644 2071 1729 2090; x_wconf 86' lang='lat' dir='ltr'>same</span> <span class='ocrx_word' id='word_1_411' title='bbox 1745 2061 1842 2099; x_wconf 81' lang='lat' dir='ltr'>privi—</span> 
     </span>
     <span class='ocr_line' id='line_1_61' title="bbox 1643 2101 1738 2138; baseline 0 -9"><span class='ocrx_word' id='word_1_412' title='bbox 1643 2101 1738 2138; x_wconf 75' lang='lat' dir='ltr'>leges.</span> 
     </span>
    </p>
   </div>
   <div class='ocr_carea' id='block_1_7' title="bbox 1643 2503 1829 2698">
    <p class='ocr_par' dir='ltr' id='par_1_8' title="bbox 1643 2503 1829 2698">
     <span class='ocr_line' id='line_1_62' title="bbox 1643 2503 1816 2532; baseline 0.006 -1"><span class='ocrx_word' id='word_1_413' title='bbox 1643 2503 1709 2532; x_wconf 77' lang='lat' dir='ltr'>The</span> <span class='ocrx_word' id='word_1_414' title='bbox 1725 2504 1816 2532; x_wconf 48' lang='lat' dir='ltr'>art-h-</span> 
     </span>
     <span class='ocr_line' id='line_1_63' title="bbox 1644 2543 1829 2580; baseline 0.016 -11"><span class='ocrx_word' id='word_1_415' title='bbox 1644 2543 1754 2580; x_wconf 65' lang='lat' dir='ltr'>luislwp</span> <span class='ocrx_word' id='word_1_416' title='bbox 1771 2544 1829 2572; x_wconf 74' lang='lat' dir='ltr'>has</span> 
     </span>
     <span class='ocr_line' id='line_1_64' title="bbox 1644 2582 1777 2610; baseline -0.008 0"><span class='ocrx_word' id='word_1_417' title='bbox 1644 2582 1692 2610; x_wconf 72' lang='lat' dir='ltr'>his</span> <span class='ocrx_word' id='word_1_418' title='bbox 1708 2592 1777 2610; x_wconf 82' lang='lat' dir='ltr'>own</span> 
     </span>
     <span class='ocr_line' id='line_1_65' title="bbox 1644 2626 1786 2657; baseline 0.007 -9"><span class='ocrx_word' id='word_1_419' title='bbox 1644 2626 1786 2657; x_wconf 72' lang='lat' dir='ltr'>svparute</span> 
     </span>
     <span class='ocr_line' id='line_1_66' title="bbox 1643 2660 1772 2698; baseline 0.008 -10"><span class='ocrx_word' id='word_1_420' title='bbox 1643 2660 1772 2698; x_wconf 64' lang='lat' dir='ltr'>liberty.</span> 
     </span>
    </p>
   </div>
  </div>
 </body>
</html>
