1955 3068
603 112 829 146 ORIGINAL
866 112 1152 146 DOCUMENTS.

111 225 218 283 (sic)
234 227 279 266 in
296 224 625 276 Asmunderbie,
640 239 770 266 unam
788 226 983 266 bovatam
1002 226 1046 265 in
1064 225 1103 265 Ν
1107 226 1191 277 ide,
1209 228 1344 281 ipsam
1363 228 1582 282 capellam,
1601 233 1647 269 et

112 292 268 346 viginti
291 294 474 344 quatuor
493 303 622 340 acras,
645 294 689 330 et
711 291 794 330 tria
814 289 938 339 tofta,
960 292 1005 329 et
1026 303 1163 330 unum
1186 296 1370 345 pratum.
1418 292 1646 344 Praeterea,

111 356 311 408 antiquas
347 357 392 394 et
424 353 697 393 rationabiles
734 353 1069 394 consuetudines
1111 354 1299 395 ecclesiae
1338 360 1491 396 vestrae
1529 357 1646 396 vobis

111 420 368 460 auctoritate
399 417 631 471 apostolica
661 418 960 457 confirmamus
992 422 1037 457 et
1068 420 1291 471 praesentis
1326 421 1472 473 scripti
1505 425 1647 474 patro-

111 484 224 524 cinio
255 483 588 532 communimus,
618 485 860 521 statuentes
894 485 944 521 ut
976 482 1085 522 nulli
1118 484 1292 524 omnino
1324 483 1489 524 homini
1521 484 1648 525 liceat

113 547 222 588 hanc
244 547 446 601 paginam
468 550 623 586 nostrae
645 546 927 586 concessionis
950 546 1199 602 infringere,
1222 548 1289 588 vel
1308 550 1345 588 ei
1360 549 1648 602 aliquatenus,

113 610 244 665 (eta).
299 611 343 651 Si
366 611 460 664 quis
481 614 643 660 autem,
665 610 760 665 (etc.
783 612 1029 665 utsupra),
1078 612 1176 652 Dat.
1201 612 1440 653 Beneventi
1469 616 1520 654 13
1542 612 1649 669 (sic)

116 676 220 716 Idus
242 675 526 716 Novembris.¹

793 786 971 829 (xxix.)

203 868 441 909 Alexander
463 868 713 920 Episcopus,
737 881 881 907 servus
904 881 1122 908 servorum
1140 870 1235 921 Dei,
1260 872 1470 912 universis
1492 870 1651 913 Christi

115 932 313 973 fidelibus
343 945 420 985 per
449 931 761 971 Eboracensem
793 932 1059 984 provinciam
1089 935 1354 985 constitutis,
1387 935 1570 976 salutem
1608 941 1650 976 et

113 997 389 1051 apostolicam
411 995 776 1036 benediccionem.
838 994 1063 1045 Quoniam,
1086 1001 1136 1037 ut
1166 999 1227 1037 ait
1259 999 1483 1051 apostulus
1513 998 1653 1054 (sic),²

116 1074 266 1102 omnes
283 1058 505 1100 stabimus
527 1063 630 1099 ante
652 1057 859 1100 tribunal
878 1057 1061 1110 Christi,
1078 1061 1302 1116 receptari
1322 1067 1462 1117 prout
1483 1062 1538 1104 in
1559 1077 1653 1104 cor-

110 1138 223 1179 pore
238 1123 473 1178 yessimus,
490 1122 581 1164 sive
599 1122 766 1163 bonum
774 1122 925 1177 fuerit
941 1122 1031 1164 Sive
1047 1124 1239 1177 malam,
1258 1131 1426 1180 oportet
1443 1141 1519 1167 nos
1536 1128 1652 1169 diem

115 1190 338 1230 messionis
370 1192 571 1229 extremae
603 1187 905 1227 misericordiae
937 1189 1135 1242 operibus
1167 1192 1416 1243 praevenire,
1447 1205 1496 1232 ac
1536 1206 1653 1233 acer-

116 1253 294 1293 vorum3
315 1252 483 1292 intuitu
505 1253 712 1292 seminare
736 1253 780 1291 in
802 1252 928 1291 terris
946 1252 1073 1305 quod,
1095 1253 1304 1294 reddente
1331 1255 1530 1306 Domino,
1553 1271 1653 1297 cum

115 1316 404 1370 multiplicato
430 1315 573 1355 fructu
604 1316 859 1369 recollegere
881 1313 987 1370 (sic)
1009 1316 1242 1358 debeamus
1263 1319 1309 1357 in
1332 1319 1464 1371 coelis,
1486 1320 1652 1360 firmam

117 1395 236 1435 spem
257 1381 544 1433 fiduciamque
568 1384 768 1420 tenentes
789 1380 992 1433 quoniam
1020 1380 1103 1434 qui
1127 1395 1265 1436 parce
1296 1382 1490 1424 seminat
1515 1398 1653 1439 parce

117 1449 154 1486 et
175 1449 315 1495 metet,
339 1448 376 1485 et
398 1443 479 1498 qui
505 1442 699 1484 seminat
721 1442 774 1485 in
797 1442 1177 1486 benedictionibus
1199 1445 1250 1486 de
1273 1445 1652 1489 benedictionibus

117 1513 154 1550 et
184 1513 310 1550 ‘metet
342 1509 475 1548 vitam
507 1511 726 1548 aeternam.
810 1507 914 1549 Cum
948 1509 1094 1562 itaque
1125 1509 1273 1550 dilecti
1304 1510 1381 1551 filii
1413 1513 1653 1566 capitulum

116 1574 305 1614 ecclesiae
337 1572 490 1626 Ripon'
520 1573 660 1623 dictae,
693 1573 805 1612 sicut
832 1586 883 1613 ex
906 1576 1028 1626 parte
1050 1574 1240 1626 ipsorum
1262 1574 1348 1615 fuit
1369 1578 1653 1630 propositum,

117 1638 339 1678 ecclesiam
353 1638 489 1691 ipsam
502 1637 635 1676 nimia
644 1639 862 1676 vetustate
877 1641 1177 1691 consumptam
1193 1641 1408 1692 reparare⁴
1423 1641 1655 1681 intendant

117 1716 242 1755 opere
262 1706 527 1755 sumptuoso,
542 1705 586 1741 et
602 1701 655 1741 ad
672 1702 808 1754 ipsius
821 1702 1239 1742 consummacionem
1256 1705 1394 1757 operis
1409 1706 1469 1744 eis
1484 1707 1654 1759 proprie

117 1781 202 1807 non
246 1769 479 1820 suppetant
520 1765 787 1816 facultatem,
825 1766 1156 1807 universitatem
1194 1769 1404 1808 vestram-³
1437 1783 1653 1823 rogamus,

117 1845 357 1881 monemUS,
372 1834 417 1870 et·
437 1829 661 1870 hortamur
683 1831 728 1869 in
751 1830 948 1881 Domino,
966 1831 1011 1869 in
1032 1831 1328 1872 remissionem
1348 1833 1489 1873 vobis6
1507 1848 1654 1887 pecca-

117 1895 286 1935 minum
317 1894 611 1948 injungentes,
644 1898 858 1947 quatenus
890 1895 942 1934 de
974 1894 1098 1934 bonis
1131 1895 1247 1935 vobis
1275 1909 1299 1935 a
1330 1896 1444 1937 Deo⁷
1473 1898 1652 1949 collatis,

116 1961 207 2013 pias
230 1959 291 1999 eis
320 1959 574 1998 elemosinas
596 1962 640 1998 et
660 1962 783 2012 grata
815 1958 1006 1998 caritatis
1040 1959 1257 1999 subsidia⁸
1283 1963 1484 2014 erogetis,
1507 1966 1556 2002 ut
1578 1977 1653 2017 per

119 2023 453 2063 subvencionem
476 2027 661 2062 vestram
684 2023 939 2076 praedictum
971 2036 1077 2076 opus
1099 2024 1234 2064 valeat
1270 2025 1488 2078 reparari,⁹
1512 2030 1556 2066 et
1579 2041 1651 2067 vos

118 2101 193 2141 per
208 2086 298 2127 haec
315 2091 359 2128 et
375 2087 457 2126 alia
473 2087 583 2127 bona
601 2100 710 2140 quae,
728 2087 914 2127 Domino
930 2087 1184 2140 inspirante,
1199 2087 1401 2139 feceritis,
1415 2090 1467 2129 ad
1482 2094 1652 2131 aeternae

116 2151 339 2192 felicitatis
370 2151 528 2206 gaudia
564 2152 801 2204 pervenire.
863 2151 950 2191 Nos
983 2152 1099 2190 enim
1131 2152 1184 2192 de
1217 2152 1538 2206 Omnipotentis
1571 2155 1652 2196 Dei

118 2216 421 2266 misericordia,
459 2219 503 2255 et
539 2215 765 2255 beatorum
801 2215 922 2255 Petri
956 2218 999 2254 et
1037 2215 1161 2255 Pauli
1202 2217 1502 2269 Apostolorum
1545 2219 1651 2272 Ejus

118 2280 375 2319 auctoritate
401 2279 563 2329 confisi,
584 2279 785 2319 omnibus
807 2293 903 2319 vere
934 2279 1245 2332 poenitentibus
1277 2284 1321 2320 et
1352 2281 1555 2322 confessis
1577 2285 1651 2337 qui

118 2344 181 2383 eis
202 2347 373 2396 propter
393 2342 472 2383 hoc
494 2357 672 2383 manum
694 2347 969 2397 porrexerunt
993 2343 1264 2395 adjutricem,
1287 2350 1464 2385 centum
1485 2346 1576 2387 dies
1597 2348 1651 2387 de

117 2407 314 2461 injuncta
345 2408 426 2448 sibi
456 2408 718 2461 poenitencia
748 2407 1078 2446 misericorditer
1109 2407 1362 2459 relaxamus,
1395 2423 1500 2462 quas
1532 2412 1651 2452 mitti

192 2514 247 2558 (1)
276 2513 313 2547 It
337 2514 415 2547 will
440 2513 483 2547 be
509 2524 589 2547 seen
615 2512 696 2546 that
721 2511 782 2546 the
809 2513 1044 2558 place-names
1070 2513 1104 2547 in
1133 2513 1206 2547 this
1231 2514 1423 2549 document
1447 2515 1537 2550 have
1561 2516 1649 2551 been

118 2565 226 2599 much
250 2565 440 2612 corrupted
466 2565 515 2610 by
540 2565 673 2599 Italian
699 2565 767 2598 and
794 2565 896 2599 other
921 2564 1162 2608 transcribers,
1182 2566 1253 2600 and
1278 2567 1359 2600 that
1384 2567 1444 2602 the
1466 2569 1650 2604 witnesses

118 2619 238 2652 would
257 2630 352 2652 seem
370 2624 407 2652 to
425 2619 516 2652 have
535 2618 640 2652 taken
659 2629 703 2651 no
722 2617 821 2663 pains
840 2623 876 2651 to
895 2623 948 2651 set
966 2617 1064 2651 them
1082 2618 1190 2663 right.

192 2671 248 2714 (2)
277 2670 336 2713 So,
354 2675 424 2713 too,
442 2670 556 2705 below
585 2669 619 2703 in
646 2681 753 2714 many
780 2670 893 2715 places
920 2669 979 2703 the
1005 2681 1118 2704 eri-ors
1143 2670 1183 2704 of
1208 2670 1269 2705 the
1296 2677 1422 2717 notary
1448 2684 1508 2707 are
1533 2685 1650 2721 repro-

119 2723 243 2766 duced,
261 2728 300 2757 to
317 2724 413 2757 shew
431 2723 492 2757 the
509 2722 648 2769 quality
666 2722 706 2755 of
728 2721 783 2756 his
802 2722 912 2756 work.

193 2775 249 2819 (3)
278 2775 325 2809 So
342 2775 379 2809 in
396 2775 473 2809 MS.
492 2775 538 2821 by
557 2774 706 2808 mistake
725 2774 778 2809 for
795 2779 1025 2819 (eternorum,
1043 2786 1096 2821 cp.
1116 2788 1148 2821 p.
1171 2776 1249 2817 117,
1267 2775 1337 2810 line
1355 2777 1387 2811 3.

193 2828 249 2870 (4)
277 2827 639 2873 MS,has‘1·epare1·e.'
708 2828 764 2871 (5)
791 2827 868 2862 MS.
884 2827 1157 2862 has‘nostram.’
1232 2829 1288 2870 (G)
1316 2828 1628 2868 MS.has‘nobis.'

193 2882 249 2926 (7)
278 2880 354 2916 MS.
374 2881 438 2915 has
456 2881 537 2915 ‘des
615 2880 671 2924 (ὃ)
700 2879 776 2914 MS.
795 2880 859 2914 has
877 2882 886 2899 ⁴
899 2879 1087 2915 subsedia.’
1163 2881 1218 2924 (9)
1246 2880 1323 2915 MS.
1342 2881 1405 2915 has
1424 2884 1432 2900 ‘
1445 2887 1628 2929 reparare]

883 2941 894 2967 l

1787 107 1879 155 113

1683 371 1722 400 fo.
1735 372 1762 401 2.

1687 624 1847 655 Bene-vent

1688 886 1873 915 Alexander

1691 926 1747 954 IV.
1762 929 1873 961 grants

1692 967 1746 993 100
1761 965 1849 1003 days'

1689 1005 1878 1041 indulgence

1689 1045 1735 1073 for
1752 1045 1807 1073 the

1689 1084 1799 1113 fabric.

1689 1139 1779 1168 Rom.
1795 1140 1865 1169 xiv.

1690 1180 1786 1248 Ῑὲἳέοτ.
1797 1228 1828 1248 v.
1842 1219 1887 1248 10.

1690 1400 1707 1428 2
1723 1398 1792 1429 Cor.
1805 1398 1849 1428 ix.
1860 1401 1889 1428 6.
