1955 3068
567 143 793 175 mummi,
831 143 1120 177 Documssx'rs.
1754 134 1845 180 1023

74 258 219 309 libere,
241 258 402 312 quiete,
426 258 549 307 bene,
571 258 615 296 in
639 270 755 310 pace,
772 261 817 296 et
835 257 1168 310 imperpetuum,
1185 257 1238 297 de
1253 258 1421 310 capitali
1438 259 1611 298 domino

75 323 185 362 feodi
208 323 340 372 illius,
362 336 437 375 per
470 322 645 361 servicia
677 321 777 360 inde
809 321 955 361 debita
986 325 1031 360 et
1062 321 1117 361 de
1143 321 1242 375 jure
1274 327 1490 362 consueta.
1554 324 1610 361 Et

75 400 154 441 ego
176 401 274 427 vero
295 386 523 440 praedictus
546 386 684 425 Dauid
706 389 751 425 et
773 384 963 425 haeredes
976 386 1061 425 mei
1079 386 1279 438 praedicta
1292 386 1377 427 duo
1391 388 1610 440 inesuagia

73 466 171 491 cum
225 453 311 492 suis
353 452 648 505 pertinenciiS‚
690 450 878 504 praefatis
920 450 1236 491 venerabilibus
1278 453 1379 492 viris
1421 452 1610 506 capitulo

73 516 278 569 praedicto
309 516 361 555 ad
395 516 757 555 sustentacionem
788 515 958 555 fabricae
990 515 1176 555 ecelesiae
1209 530 1296 557 suae
1327 517 1541 570 praedictae
1563 518 1606 556 in

73 579 207 620 forma
228 580 444 634 pnedicta,
467 583 517 618 ut
538 580 790 632 praedictum
823 582 902 629 est,
925 582 1072 618 contra
1102 593 1251 620 omnes
1272 585 1427 635 gentes
1446 595 1607 621 waran-

72 645 298 685 tizabimus
321 645 657 698 imperpetuum.
720 644 771 683 In
804 643 928 697 cujus
959 644 1020 683 rei
1052 645 1351 685 testimonium
1375 645 1477 686 huic
1499 660 1606 699 prae-

72 710 183 748 senti
206 713 332 749 cartae
355 709 546 762 sigillum
569 722 714 747 meum
746 709 937 761 apposui.
1000 708 1098 747 Hiis
1119 709 1330 750 testibus:
1364 710 1533 764 Rogero
1554 711 1606 750 de
1644 722 1828 753 witnesses.

73 773 253 826 Hewyk,
300 772 474 813 Simone
527 772 693 821 warde,
746 771 1008 812 Christoforo
1059 772 1313 827 Maylloure,
1365 774 1607 823 militibus;

71 836 269 877 Johanne
291 837 344 876 de
367 835 598 881 Shirwode,
622 836 808 875 Roberto
830 836 882 875 de
916 834 1159 887 Brunhous,
1192 836 1391 878 Johanne
1423 839 1475 878 de
1496 839 1609 878 Tan-

71 900 173 951 feld,
196 900 416 940 Willelmo
437 900 490 939 de
515 900 707 950 Scotton,
730 903 774 939 et
796 900 945 939 multis
968 900 1077 940 aliis.

157 965 255 1005 Dat.
292 964 405 1018 apud
442 963 609 1017 Ripon',
647 964 847 1004 vicesimo
884 978 995 1004 none
1030 964 1100 1005 die
1137 966 1303 1017 Marcii,
1340 980 1452 1007 anno
1486 972 1609 1022 regni
1645 977 1790 1006 Man-29.

71 1029 203 1083 Regis
235 1028 432 1068 Edwardi
464 1028 588 1068 tercii
630 1031 727 1081 post
759 1032 1053 1081 conquaestum
1085 1030 1252 1084 Angliae
1284 1031 1611 1085 quadragesimo

71 1094 218 1134 tercio.

128 1238 267 1273 XXIV.
304 1238 469 1273 LEASE
502 1238 566 1273 OF
599 1240 633 1273 A
668 1239 940 1274 MESSUAGE
973 1239 1028 1274 IN
1065 1240 1354 1284 WESTGATE,
1389 1241 1559 1275 RIPON.

604 1323 747 1367 (Rn‘on
771 1322 952 1357 OHAPTER
977 1323 1074 1366 MS.)

444 1408 478 1441 R
551 1407 587 1442 Y
659 1407 687 1442 G
763 1409 798 1442 A
872 1408 907 1442 R
980 1409 1013 1442 D
1087 1408 1123 1443 U
1196 1409 1248 1444 S.

159 1485 264 1524 Haec
301 1483 534 1524 indentura
574 1487 763 1524 testatur
798 1484 911 1538 quod
946 1485 1154 1526 Ricardus
1192 1486 1245 1526 de
1283 1486 1605 1543 Yeddingham,
1642 1504 1708 1525 Aa).
1730 1497 1814 1526 13ss1.

69 1548 262 1600 clericus,
299 1548 513 1588 Robertus
531 1548 584 1588 de
620 1548 842 1600 Doresme,
876 1549 1135 1603 capellanus,
1179 1554 1223 1591 et
1265 1551 1511 1592 VVillelmus
1554 1552 1606 1592 de
1641 1551 1844 1619 {fic-'‘llerd·

71 1613 248 1653 Scotton
270 1613 322 1653 de
346 1612 526 1667 Rypon’,
544 1616 849 1653 concesserunt
872 1617 917 1653 et
932 1614 1195 1654 dimiserunt
1216 1615 1404 1655 Roberto
1425 1615 1605 1670 Whytte
1641 1601 1824 1660 aieibotiigrs

71 1677 124 1717 de
157 1677 321 1731 Rypon'
342 1691 479 1717 unum
512 1678 786 1732 mesuagium
817 1678 863 1717 in
896 1678 1062 1732 Rypon'
1085 1680 1197 1719 sicut
1213 1678 1329 1733 jacet
1351 1681 1394 1719 in
1419 1681 1510 1720 vico
1532 1681 1606 1734 qui
1640 1669 1772 1739 ξῖγξξζξ·

71 1745 246 1782 vocatur
286 1742 528 1797 lVestgate,
569 1742 684 1781 inter
725 1743 1010 1797 mesuagium·
1041 1744 1256 1796 quondam
1301 1743 1510 1784 Johannis
1552 1745 1604 1785 de
1707 1741 1715 1747 ”

72 1804 333 1846 Schirrewod
365 1820 416 1845 ex
447 1810 567 1859 parte
599 1819 698 1857 una,
730 1809 775 1846 et
807 1807 1081 1862 mesuagium
1113 1808 1282 1848 Ricardi
1318 1809 1523 1862 Sumpter
1555 1824 1605 1849 ex

71 1873 191 1923 parte
223 1870 357 1910 altera
375 1884 385 1918 3
417 1868 665 1909 habendum
694 1873 739 1910 et
769 1870 1008 1910 tenendum
1045 1871 1299 1924 praedictum
1331 1874 1605 1928 mesuagium

70 1947 169 1973 cum
189 1934 279 1973 suis
296 1934 579 1987 pertinenciis
597 1933 773 1987 praefato
791 1934 979 1974 Roberto
995 1935 1047 1975 ad
1064 1936 1301 1975 terminum
1319 1937 1419 1977 vitae
1436 1951 1536 1987 suae,
1551 1937 1605 1977 de

69 1998 242 2051 capitali
264 1998 439 2038 domino
467 1997 581 2037 feodi
607 1997 741 2047 illius,
764 2011 839 2051 per
863 1999 1040 2038 servicia
1065 1999 1164 2039 inde
1187 1999 1333 2040 debita
1360 2004 1404 2041 et
1431 2001 1483 2041 de
1504 2001 1602 2055 jure

70 2065 287 2102 consueta.
349 2062 402 2101 Et
427 2062 657 2115 praedictus
681 2061 895 2101 Robertus
926 2063 1181 2116 praedictum
1213 2065 1484 2120 mesuagium
1508 2079 1603 2105 sus·
1639 2073 1810 2119 Tana-utto

70 2125 258 2166 tentabit
291 2129 337 2165 et
372 2125 589 2180 reparabit
627 2126 874 2179 sumptibus
911 2127 999 2167 suis
1033 2128 1215 2181 propriis
1248 2129 1603 2182 quandocumque
1640 2122 1751 2151 repam.

70 2203 178 2243 opus
209 2189 342 2230 fuerit
362 2204 439 2243 per
469 2193 615 2230 totum
645 2191 884 2230 terminum
915 2192 1015 2231 vitae
1050 2205 1136 2232 suae
1170 2193 1436 2246 supradictae,
1458 2194 1603 2233 necin

72 2254 274 2307 praedicto
315 2255 538 2310 mesuagio
578 2259 752 2295 vastum
784 2254 928 2296 faciet.
991 2256 1061 2295 Ita
1093 2256 1207 2309 quod
1243 2261 1342 2310 post
1377 2257 1603 2297 decessum

70 2318 264 2371 praedicti
297 2318 474 2359 Roberti
506 2320 760 2373 praedictum
782 2320 1053 2374 mesuagium
1076 2334 1175 2359 cum
1211 2321 1299 2360 suis
1322 2322 1604 2374 pertinenciis

70 2385 292 2422 remaneat
318 2383 538 2423 willelmo
573 2387 618 2423 et
654 2382 841 2424 Johanni
878 2383 980 2423 filiis
1018 2383 1174 2424 Isoldae
1210 2385 1426 2438 quondam
1459 2387 1604 2425 uxoris

72 2446 264 2499 praedicti
287 2446 463 2487 Roberti
487 2451 531 2488 et
552 2446 792 2488 haeredibus
807 2448 860 2487 de
875 2447 1120 2501 corporibus
1137 2449 1369 2489 eorundem
1386 2449 1604 2504 legittime

72 2511 316 2563 procreatis,
353 2511 501 2563 libere,
530 2513 692 2565 quiete,
725 2512 910 2565 integre,
939 2511 1063 2563 bene,
1094 2516 1138 2552 et
1173 2513 1220 2552 in
1256 2526 1373 2566 pace,
1405 2513 1458 2553 de
1491 2515 1604 2569 capi-

71 2573 231 2614 talibus
253 2574 439 2615 dominis
461 2575 575 2616 feodi
596 2575 728 2625 illius,
750 2589 826 2628 per
848 2576 1026 2616 servicia
1046 2576 1147 2616 inde
1169 2576 1316 2616 debita
1347 2581 1392 2617 et
1423 2577 1475 2617 de
1501 2577 1602 2631 jure

71 2643 288 2679 consueta.
350 2640 407 2679 Et
429 2641 462 2679 si
485 2640 679 2694 praedicti
700 2639 944 2680 willelmus
967 2643 1012 2680 et
1032 2640 1060 2681 J
1063 2639 1266 2692 ohannes,
1288 2641 1367 2681 filii
1388 2642 1602 2694 praedictae

72 2701 240 2754 Isoldae,
261 2703 445 2744 obierint
470 2705 561 2744 sine
582 2703 825 2745 haeredibus
857 2705 910 2745 de
941 2706 1186 2758 corporibus
1218 2705 1451 2746 eorundem
1475 2706 1602 2760 legit-

70 2766 178 2806 time
199 2769 442 2819 procreatis,
464 2768 577 2822 quod
599 2771 754 2808 extunc
776 2768 1030 2819 praedictum
1051 2770 1320 2824 mesuagium
1341 2783 1439 2809 cum
1461 2771 1602 2809 omni-

71 2829 151 2870 bus
183 2831 271 2870 suis
303 2833 595 2885 pertinenciis,
618 2836 837 2873 remaneat
868 2833 1054 2874 Roberto
1086 2834 1138 2874 de
1172 2833 1391 2883 Doresme,
1413 2833 1601 2874 Johanni

72 2894 124 2934 de
153 2894 288 2944 Dene,
312 2894 499 2936 Johanni
532 2897 583 2936 de
608 2896 799 2949 Barwylz,
821 2897 888 2936 vel
923 2898 1099 2951 Hugoni
1125 2897 1334 2948 (Tolstane,
1356 2898 1601 2952 capellanis,
