1935 3151
568 156 793 188 ORIGINAL
830 155 1117 189 DOCUMENTS.
1752 146 1845 193 285

83 269 465 310 warantizabimus.
528 268 579 307 In
602 267 724 321 cujus
747 268 806 308 rei
831 268 1129 307 testimonium
1159 266 1259 307 huic
1280 269 1465 321 praefatae
1487 272 1613 310 eartae

82 333 223 387 sigilla
252 337 398 373 nostra
427 332 716 385 apposuimus.
779 332 876 371 Hiis
907 332 1107 383 testibus,
1127 332 1345 372 Willelmo
1376 334 1429 372 de
1462 333 1612 383 Ledes,
1651 338 1833 368 Witnesses.

81 397 303 437 Willelmo
353 397 406 437 de
455 397 679 446 FencoteS‚
721 397 900 436 Ricardo
941 397 993 436 de
1036 396 1261 450 Sunnyng‚
1304 395 1501 437 Johanne
1543 396 1614 436 del

84 466 242 517 Grene,
264 467 290 507 J
294 465 459 506 ohanne
482 466 532 505 de
555 466 736 516 Bruton,
759 469 803 505 et
824 466 933 506 aliis.
992 466 1090 505 Dat.
1112 465 1226 519 apud
1249 465 1415 519 Rypon'
1436 466 1481 505 in
1504 465 1614 505 festo
1650 472 1723 502 Dec.
1740 472 1788 502 29.

85 530 232 571 Sancti
264 529 438 569 Thomae
467 529 657 569 Martiris
695 533 740 568 et
774 529 1119 583 Archiepiscopi;
1180 529 1305 568 Anno
1341 530 1464 583 regni
1500 530 1615 583 regis

84 594 254 634 Ricardi
278 593 454 633 secundi
486 596 582 646 post
610 597 904 646 conquaestum
927 593 1091 647 Angliae
1114 593 1448 646 quintodecimo.

174 656 274 698 Two
309 655 455 707 letheis,
487 669 568 696 one
605 655 838 710 retaininy
871 670 900 698 α
932 656 1067 697 small
1099 656 1190 697 scal
1224 655 1333 697 with
1366 654 1615 709 somethinq

83 721 166 764 like
186 736 215 763 α
236 720 433 762 circular
454 719 613 761 buckle.

171 784 417 835 Endorsecl,
439 783 493 825 in
515 783 625 825 later
646 783 882 825 hand—A
913 788 1040 840 grant
1072 784 1119 826 of
1145 798 1169 825 a
1190 788 1362 839 cottage
1383 785 1429 824 in
1451 784 1614 839 Agnes-

83 852 202 907 gaite
223 851 273 892 A.
296 850 347 891 R.
370 852 412 901 2,
439 851 524 890 15⁰.

86 1074 291 1110 CLXXIV.
327 1072 610 1116 QUITCLAIM
649 1072 710 1108 OF
745 1073 781 1107 A
821 1071 1046 1117 GARDEN,
1082 1072 1201 1116 ETO„
1238 1072 1293 1108 IN
1330 1072 1616 1108 ANNSGATE.

616 1153 761 1197 (Rn‘ox
785 1151 966 1187 CHAPTER
990 1152 1089 1198 MS.)

173 1236 387 1277 Noverint
417 1235 607 1276 universi
637 1248 713 1288 per
744 1236 976 1288 praesentes
1007 1247 1083 1274 nos
1115 1233 1362 1274 Johannem
1384 1234 1541 1275 Warde
1574 1238 1619 1274 et
1654 1244 1825 1275 A.n.1405.

86 1301 304 1355 Rogerum
344 1299 515 1349 warde,
556 1298 668 1338 filios
708 1298 736 1339 J
738 1297 918 1338 ohannis
959 1297 1130 1349 Warde,
1178 1297 1347 1347 militis,
1388 1299 1618 1348 remisisse,
1654 1301 1684 1331 J·
1700 1302 1765 1330 and
1780 1301 1816 1331 R-

85 1364 310 1415 relaxasse,
337 1367 381 1403 et
411 1363 587 1403 omnino
616 1375 691 1416 pro
722 1361 845 1402 nobis
876 1363 922 1401 et
951 1359 1192 1401 haeredibus
1223 1362 1379 1402 nostris
1401 1362 1619 1415 quietum·
1653 1341 1791 1409 &afflige

84 1428 290 1469 clamasse
322 1426 503 1467 Ricardo
534 1426 587 1466 de
620 1424 815 1475 Skelton‚
836 1427 980 1465 totum
1005 1424 1080 1478 jus
1110 1428 1309 1465 nostrum
1338 1428 1383 1465 et
1403 1425 1618 1465 clameum
1655 1419 1792 1450 Skelton.

86 1507 181 1547 quae
211 1486 436 1542 habemus,
467 1489 712 1540 habuimuffi
735 1503 812 1530 seu
841 1489 985 1543 aliquo
1015 1489 1142 1529 modo
1172 1489 1219 1529 in
1240 1489 1439 1530 futurum
1460 1488 1619 1530 habere

86 1557 322 1611 poterimus
362 1556 408 1595 in
449 1568 536 1595 uno
571 1554 750 1609 gardino
790 1567 890 1593 cum
924 1553 1011 1594 suis
1044 1553 1339 1606 pertinenciis,
1367 1553 1541 1607 jacente
1573 1554 1620 1593 in

87 1621 308 1675 Annsgate
340 1619 452 1659 inter
483 1619 703 1672 cotagium
733 1617 951 1670 quondam
987 1617 1188 1670 Hugonis
1223 1617 1384 1657 Glouer
1416 1631 1468 1657 ex
1497 1620 1619 1670 parte
1655 1626 1831 1663 Annsgate.

87 1698 188 1736 una,
210 1687 254 1724 et
274 1683 490 1736 cotagium
510 1681 705 1735 praedicti
725 1680 899 1720 Ricardi
931 1694 983 1720 ex
1003 1683 1123 1734 parte
1154 1680 1304 1731 altera,
1324 1681 1387 1720 ita
1407 1682 1521 1734 quod
1542 1695 1621 1721 1166

87 1762 165 1790 nos
204 1747 400 1802 praedicti
439 1745 467 1786 J
470 1744 659 1786 ohannes
696 1747 742 1784 et
782 1744 975 1798 Rogerus
1007 1757 1088 1783 1166
1124 1742 1314 1783 haeredes
1356 1744 1505 1794 nostri,
1541 1758 1621 1784 1166

87 1813 243 1866 aliquis
263 1811 373 1851 alius
394 1810 569 1850 nomine
591 1812 735 1849 nostro
756 1807 929 1860 aliquod
943 1806 1018 1860 jus
1031 1807 1100 1847 vel
1121 1807 1335 1847 clameum
1350 1809 1396 1847 in
1416 1808 1621 1861 praedicto

88 1877 266 1932 gardino
297 1888 397 1915 cum
429 1874 515 1913 suis
546 1872 825 1926 pertinenciis
857 1871 911 1911 de
932 1873 1085 1911 caetero
1107 1870 1277 1924 exigere
1300 1884 1375 1910 seu
1396 1871 1619 1911 vendicare

89 1940 327 1996 poterimus
355 1939 402 1978 in
422 1938 634 1986 futurum,
659 1938 725 1976 set
745 1935 798 1975 ab
820 1935 939 1975 omni
959 1935 1131 1974 accione
1145 1934 1257 1987 juris
1280 1938 1325 1974 et
1345 1935 1499 1974 clamei
1520 1935 1621 1974 inde

90 2005 224 2045 simus
247 2003 407 2044 exclusi
437 2002 756 2054 imperpetuum
786 2012 863 2052 per
893 2001 1138 2052 praesentes,
1200 1998 1258 2038 Et
1288 2011 1364 2038 nos
1395 2011 1494 2038 vero
1515 2012 1622 2051 prae-

89 2069 195 2110 dicti
215 2068 243 2109 J
245 2066 434 2107 ohannes
449 2069 493 2105 et
510 2065 703 2118 Rogerus
716 2067 760 2103 et
776 2061 966 2102 haeredes
979 2062 1114 2101 nostri
1127 2061 1380 2115 praedictum
1392 2063 1621 2116 gardinum

90 2146 190 2173 cum
212 2132 300 2172 suis
321 2129 600 2184 pertinenciis
620 2127 824 2180 praedicto
845 2126 1038 2176 Ricardo,
1060 2124 1302 2165 haeredibus
1325 2128 1370 2165 et
1391 2126 1623 2180 assignatis

92 2197 180 2237 suis
210 2198 357 2236 contra
387 2207 534 2234 omnes
565 2196 718 2248 gentes
740 2190 1107 2230 warantizabimus
1139 2193 1183 2229 et
1213 2189 1507 2230 defendemus.
1570 2190 1622 2229 In

92 2259 215 2313 cujus
245 2259 307 2299 rei
338 2257 638 2298 testimonium
669 2254 951 2308 praesentibus
985 2253 1126 2306 sigilla
1157 2256 1302 2293 nostra
1331 2254 1622 2306 apposuimus.

94 2324 193 2364 Hiis
206 2322 391 2364 testibus
409 2335 420 2370 ;
451 2320 668 2361 Winelmo
689 2320 742 2359 de
765 2319 990 2367 FencoteS‚
1012 2317 1193 2356 Ricardo
1214 2317 1266 2356 de
1290 2316 1443 2367 Stowe,
1457 2316 1624 2357 Thoma
1658 2331 1838 2361 witnesses.

94 2389 148 2429 de
179 2385 405 2440 Bzssderby,
430 2385 458 2425 J
460 2383 628 2425 ohanne
660 2383 713 2423 de
734 2381 907 2431 Heton’,
929 2381 1148 2420 Willelmo
1169 2380 1222 2420 de
1244 2380 1424 2431 Trame’,
1447 2384 1491 2421 et
1512 2381 1622 2421 aliis.

94 2452 192 2492 Dat.
214 2450 327 2505 apud
348 2448 515 2503 Ripon',
536 2447 739 2488 vicesimo
761 2449 879 2486 sexto
900 2445 970 2485 die
991 2444 1153 2484 mensis
1170 2444 1337 2494 Marcii,
1353 2444 1477 2484 Anno
1498 2445 1622 2499 regni
1657 2458 1738 2488 Mar.
1755 2458 1804 2487 26.

94 2516 207 2569 regis
229 2514 409 2554 Henrici
429 2512 569 2566 quarti
592 2514 723 2551 sexto.

187 2577 286 2618 Two
308 2574 453 2627 labek,
476 2588 557 2615 one
577 2571 810 2626 retamim]
830 2586 860 2614 α
880 2570 1014 2613 small
1034 2571 1112 2613 ‘recl
1132 2570 1222 2612 scal
1242 2569 1351 2612 with
1371 2585 1401 2612 a
1421 2571 1623 2613 croumed

97 2642 118 2681 I
141 2640 323 2682 between
344 2643 426 2680 two
447 2638 530 2678 P’s.

186 2701 434 2752 Eudorsed,
454 2700 509 2742 in
530 2699 641 2741 later
661 2697 822 2749 hands,
844 2713 868 2738 a
889 2698 998 2739 deed
1020 2697 1066 2738 of
1082 2698 1184 2738 land
1205 2698 1251 2737 in
1273 2698 1553 2751 Annisgayte.
1586 2699 1623 2739 A

98 2767 206 2810 deed
227 2767 274 2809 of
289 2781 313 2808 a
334 2771 504 2821 cottage
525 2766 571 2805 in
593 2765 852 2819 Agnesgate,
873 2763 975 2816 May
998 2763 1068 2812 26,
1090 2762 1194 2802 A.R.
1257 2761 1369 2802 Hen.
1393 2764 1434 2811 4,
1457 2763 1514 2802 6⁰.
