1935 3151
92 1383 173 1420 Rog.
189 1382 230 1411 fil.

93 1422 217 1451 Radulfi
234 1424 267 1450 to

92 1461 144 1489 the
160 1460 278 1497 Chapel

92 1500 128 1528 of
146 1499 192 1528 St.
207 1499 291 1528 John

93 1539 146 1567 the
165 1538 288 1575 Baptist

94 1577 126 1606 in
144 1577 278 1606 Asmun-

91 1616 201 1654 derby.

93 1956 232 1985 Asmun-

94 1996 203 2034 derby.

95 2079 165 2108 Min
182 2083 216 2109 at

95 2118 240 2157 Studley.

95 2265 239 2294 Marken-

95 2304 174 2333 field.

96 2395 271 2433 Pasturage

95 2434 127 2462 in
144 2434 271 2463 Rishaw

95 2473 192 2501 wood.

95 2587 125 2615 A
140 2588 279 2617 cartload

806 141 1080 176 MEMORIALS
1115 142 1173 175 OF
1209 141 1367 176 RIPON.

320 252 623 293 tantummodo
663 252 903 306 subscripta
943 254 1120 293 inventa
1160 253 1339 293 fuerunt
1374 253 1420 292 in
1462 251 1613 292 eadem
1654 251 1725 293 die
1768 266 1853 306 qua

321 316 538 356 walterus
559 317 777 369 praemissa
797 317 881 370 ipsi
903 317 1065 370 recepit
1085 317 1337 367 custodiam,
1359 315 1562 357 videlicet
1580 331 1589 357 :

411 380 465 419 In
486 380 597 430 aula,
618 394 705 420 una
724 379 872 419 tabula
892 394 990 419 cum
1012 379 1040 433 ij
1064 380 1284 421 tresteIIiS.

411 443 465 482 In
485 444 679 496 coquina,
701 456 839 483 unum
859 443 1117 484 furnesium.

412 507 465 546 In
487 507 663 560 capella,
684 506 714 560 ij
739 507 999 547 vestimenta
1019 521 1118 546 cum
1139 507 1372 560 apparatu¹
1407 536 1418 547 .
1452 536 1462 547 .
1498 537 1508 546 .
1539 505 1569 560 ij
1585 506 1753 557 casulis,
1769 520 1856 547 una

323 569 446 621 calix,
480 573 663 623 quatuor
695 571 968 624 manutergia
1004 571 1056 610 ad
1089 571 1238 620 altare,
1271 584 1410 611 unum
1441 570 1765 624 manutergium
1801 571 1856 610 ad

323 647 475 673 manus
504 633 728 686 capellani,
749 647 888 673 unum
918 633 1176 685 turibulum,
1198 647 1336 673 unum
1364 634 1561 683 messale,
1581 647 1720 673 unum
1740 635 1855 674 anti-

323 696 580 750 phonarium
602 710 700 736 cum
724 698 901 737 servicio
923 698 1092 737 dimidii
1112 698 1214 737 anni
1235 698 1282 737 in
1302 700 1497 751 tempore
1510 697 1704 747 aestivali,
1718 711 1855 737 unum

323 761 495 815 gradale
518 763 563 800 et
584 774 721 800 unum
742 761 1010 814 psalterium,
1033 765 1078 801 et
1098 762 1188 801 offis
1210 762 1319 801 Doffi
1333 759 1396 816 (Ρ)
1416 761 1505 801 fere
1537 791 1547 802 .
1581 791 1591 801 .
1626 791 1635 801 .
1670 762 1698 801 ,²

414 824 516 872 Quae
550 825 695 875 omnia
724 838 857 878 penes
884 825 1051 865 dictum
1082 825 1323 865 VValterum
1351 825 1462 878 p6e³
1491 825 1618 864 dictae
1653 825 1856 865 custodiae

323 888 429 927 dicti
460 886 684 941 hospitalis
717 891 1029 928 remanserunt.
1091 889 1145 928 In
1178 888 1300 942 cujus
1336 889 1399 928 rei
1434 888 1734 928 testimonium
1766 891 1857 928 tam

324 951 516 1005 sigillum
547 965 772 991 commune
794 952 972 1005 capituli
994 952 1147 1005 Ripon’
1168 966 1296 1005 quam
1329 952 1519 1006 sigillum
1550 952 1656 992 dicti
1677 951 1857 991 Walteri

322 1015 605 1068 praesentibus
638 1015 884 1055 alternatim
917 1019 1019 1056 sunt
1053 1017 1261 1069 apposita.
1314 1016 1412 1056 Dat.
1444 1016 1557 1069 apud
1587 1015 1740 1069 Ripon’
1770 1014 1854 1068 xvij

325 1078 421 1118 Kal.
443 1078 484 1118 N
486 1079 651 1119 ovemb.
675 1079 798 1118 Anno
819 1079 1009 1129 Domini,
1030 1080 1098 1119 Μο
1119 1084 1183 1119 66ο
1203 1079 1274 1119 lxx
1297 1080 1496 1133 septimo.

389 1223 488 1258 CIX.
523 1223 698 1258 GRANT
731 1224 793 1259 TO
828 1224 1036 1259 OHAPEL
1069 1224 1133 1259 OF
1167 1224 1234 1260 ST.
1269 1224 1402 1259 JOHN
1435 1224 1539 1259 THE
1571 1223 1795 1259 BAPTIST.

811 1295 1098 1339 (DARNBROUGH
1122 1295 1200 1330 MS.
1227 1295 1368 1340 xxviii.)

415 1369 637 1410 Universis
670 1369 828 1410 Christi
860 1371 1056 1411 fidelibus
1087 1371 1140 1411 ad
1172 1385 1276 1424 quos
1306 1384 1491 1424 praesens
1524 1371 1729 1424 scriptum
1762 1383 1858 1424 per-

325 1434 506 1482 venerit,
538 1433 734 1486 Roget-us
766 1433 880 1473 filius
914 1433 1098 1484 Radulfi,
1131 1434 1329 1474 salutem.
1390 1434 1567 1474 Noverit
1599 1435 1858 1475 universitas

325 1501 467 1536 vestra
487 1510 556 1536 me
578 1496 744 1536 Divinae
765 1497 942 1550 pietatis
963 1498 1131 1537 intuitu
1152 1498 1323 1538 dedisse
1355 1501 1401 1537 et
1431 1499 1691 1538 concessisse
1714 1501 1759 1538 et
1779 1497 1859 1537 hac

325 1560 529 1614 praesenti
550 1563 666 1600 carta
686 1573 782 1600 mea
802 1560 1073 1600 confirmasse
1094 1561 1185 1601 Deo
1211 1564 1256 1601 et
1280 1561 1453 1614 capellae
1480 1561 1625 1601 Sancti
1650 1561 1678 1601 J
1680 1560 1859 1601 ohannis

325 1624 532 1677 Baptistae
553 1625 598 1663 in
619 1624 735 1663 curia
754 1627 902 1664 nostra
917 1624 969 1664 de
992 1624 1294 1675 Asmunderbi,
1315 1625 1361 1664 in
1381 1638 1533 1678 puram
1545 1628 1590 1665 et
1604 1627 1859 1678 perpetuam

326 1688 645 1738 eleemosinam,
665 1701 742 1741 pro
769 1688 905 1727 salute
934 1689 1087 1728 animae
1115 1702 1222 1728 111636
1248 1691 1292 1728 et
1315 1689 1479 1728 Emmae
1500 1689 1643 1728 uxoris
1677 1702 1783 1728 meae
1814 1691 1860 1727 et

326 1752 484 1805 Rogeri
516 1751 570 1791 de
602 1750 772 1805 Abegni
805 1754 851 1791 et
883 1754 1201 1791 antecessorum
1239 1765 1433 1791 meorum
1470 1755 1515 1791 et
1550 1755 1780 1805 parentum
1814 1754 1859 1791 et

325 1815 559 1854 amicorum
584 1814 957 1867 subsequencium,
972 1815 1024 1854 ad
1047 1815 1414 1855 sustentacionem
1431 1815 1638 1869 capellani
1657 1819 1700 1855 et
1717 1816 1860 1855 clerici

327 1879 372 1917 in
394 1878 543 1918 eadem
565 1877 727 1930 capella
747 1876 927 1917 honeste
950 1878 1039 1917 Deo
1069 1881 1113 1918 et
1134 1878 1269 1918 Beato
1291 1878 1319 1918 J
1321 1877 1478 1918 ohanni
1499 1879 1858 1929 ministrancium,

326 1955 458 1981 unam
478 1941 678 1981 bovatam
699 1944 825 1981 1361136
847 1942 892 1980 111
907 1942 1210 1991 Asmunderbi,
1234 1942 1423 1995 exceptis
1446 1941 1600 1995 tophto
1630 1946 1675 1982 et
1705 1941 1857 1995 croph-

327 2008 373 2044 to
393 2018 522 2058 quem
543 2004 659 2044 Toke
681 2005 840 2045 tenuit.
884 2005 941 2044 Et
963 2004 1166 2058 tophtum
1187 2019 1285 2045 cum
1307 2004 1484 2059 crophto
1505 2006 1618 2058 quod
1641 2006 1858 2046 Gerardus

327 2069 472 2108 tenuit
492 2069 538 2107 in
561 2068 777 2107 excambio
798 2081 874 2120 pro
894 2068 1109 2121 praedictis
1130 2067 1282 2121 tophto
1300 2071 1344 2108 et
1361 2067 1550 2121 crophto.
1583 2069 1640 2108 Et
1653 2073 1859 2122 praeterea

326 2134 463 2171 totam
485 2131 765 2171 medietatem
785 2131 1023 2171 molendini
1045 2145 1144 2171 cum
1174 2135 1266 2171 tota
1297 2132 1469 2184 sequela
1501 2133 1591 2171 sine
1617 2133 1734 2172 omni
1755 2134 1858 2173 reti-

326 2197 532 2234 nemento
563 2194 615 2234 de
649 2193 811 2234 Stodlei
843 2194 1022 2248 Rogero.
1085 2196 1142 2234 Et
1178 2198 1383 2248 praeterea
1417 2195 1643 2235 servicium
1677 2199 1858 2249 quatuor

328 2257 577 2297 bovatarum
618 2261 744 2297 terrae
786 2258 831 2296 in
864 2257 1158 2312 Markingfeld
1189 2272 1293 2311 quas
1326 2258 1559 2298 Gaufridus
1591 2259 1705 2298 filius
1736 2259 1856 2299 Petri

327 2323 464 2370 tenet,
487 2321 702 2371 videlicet,
727 2320 942 2361 sexdecim
965 2321 1118 2361 solidos
1149 2321 1387 2371 annuatim,
1409 2321 1637 2361 dimidium
1668 2322 1719 2361 ad
1741 2322 1856 2361 Pen-

327 2387 536 2424 tecostem
559 2388 604 2424 et
624 2385 855 2425 dimidium
877 2385 928 2425 ad
951 2385 1112 2426 festum
1136 2385 1281 2426 Sancti
1304 2386 1510 2438 Martyni.
1572 2386 1630 2425 Et
1650 2388 1856 2438 praeterea

327 2451 546 2500 pasturam
571 2447 623 2487 ad
651 2447 752 2501 iiij⁰r
780 2448 908 2488 boves
940 2452 985 2488 et
1019 2449 1073 2489 ad
1108 2449 1213 2489 duas
1246 2462 1390 2489 vaccas
1424 2448 1615 2501 praedicti
1650 2449 1856 2502 capellani

328 2523 426 2549 611111
440 2511 593 2549 averiis
607 2511 713 2550 meis
731 2511 775 2549 in
792 2511 982 2551 dominio
998 2525 1095 2552 meo
1116 2516 1161 2552 et
1177 2513 1222 2552 in
1236 2512 1359 2552 bosco
1376 2511 1429 2552 de
1444 2510 1619 2552 Rishou.
1652 2512 1709 2551 Et
1725 2525 1854 2552 unam

328 2573 624 2627 quadrigatam
653 2574 868 2627 virgarum
887 2575 900 2597 ⁴
934 2575 1115 2629 singulis
1142 2576 1265 2615 annis
1294 2575 1348 2615 ad
1368 2575 1682 2628 reparacionem
1704 2575 1855 2615 domus

403 2662 460 2705 (1)
488 2661 562 2696 The
581 2673 603 2695 u
622 2662 718 2705 thus,
736 2665 771 2705 fi,
789 2661 872 2697 then
891 2663 944 2697 eu'
963 2665 1062 2702 (611111
1075 2663 1123 2706 Ρ),
1141 2674 1179 2698 as
1197 2675 1216 2698 a
1234 2667 1393 2710 separate
1411 2662 1522 2698 word.

402 2714 457 2755 (2)
483 2714 518 2747 Α
536 2714 634 2747 word
651 2713 734 2748 here
751 2714 848 2759 quite
866 2714 1135 2761 unintelligible.

402 2766 460 2809 (3)
487 2765 534 2799 So
553 2766 589 2799 in
607 2765 685 2800 MS.

402 2817 460 2860 (4)
487 2817 572 2851 This
590 2817 746 2851 mention
766 2817 806 2851 of
827 2818 932 2862 viryoe
948 2818 1003 2852 for
1019 2820 1153 2864 repairs
1171 2819 1211 2854 of
1231 2819 1292 2853 the
1318 2817 1513 2864 chaplain's
1530 2818 1639 2852 house
1657 2817 1685 2852 is
1703 2818 1853 2861 curious,

329 2867 399 2900 and
417 2873 476 2901 not
496 2868 593 2912 quite
613 2868 836 2912 intelligible.
888 2869 1052 2915 Possibly
1070 2870 1096 2904 it
1117 2882 1187 2905 was
1205 2882 1225 2905 a
1241 2871 1350 2904 house
1369 2869 1408 2903 of
1422 2872 1430 2889 ‘
1442 2869 1527 2903 mud
1545 2870 1614 2904 and
1631 2869 1736 2904 stud.’
