1915 3068
73 142 135 190 78
787 154 1061 188 MmtomALs
1096 155 1154 187 OF
1190 154 1346 187 RIPON.

306 281 381 321 per
402 267 626 322 legaliores
648 270 694 307 et
714 267 981 307 discretiores
1003 266 1056 306 de
1077 266 1248 317 vicinia,
1269 266 1344 320 qui
1366 265 1418 305 ad
1439 264 1518 305 hoc
1539 264 1687 306 haberi
1715 270 1836 320 pote-

306 335 410 371 runt
449 332 559 371 bono
590 331 730 381 modo,
766 334 858 371 tota
890 331 1074 383 pecunia
1107 344 1158 370 ex
1192 331 1410 383 praemissa
1442 343 1568 369 causa
1602 331 1742 370 levata
1780 331 1834 370 ad

307 409 460 434 manus
500 396 682 435 duarum
724 395 791 434 vel
837 395 972 433 trium
1014 407 1290 447 personarum
1334 394 1379 432 in
1422 394 1524 433 locis
1567 394 1747 448 singulis
1783 394 1836 433 ad

307 458 386 498 hoc
409 459 649 512 specialiter
681 458 929 508 electarum,
953 458 1112 511 absque
1134 458 1253 497 omni
1275 457 1579 507 diminutione,
1602 458 1836 511 perveniat.

305 523 410 570 Quae
432 537 635 575 personae,
657 523 873 562 dictorum
894 522 1103 572 canonici,
1134 523 1326 572 rectoris,
1349 521 1417 561 vel
1450 522 1596 561 vicarii
1628 523 1837 575 requisito

306 600 532 636 consensu,
569 600 743 626 omnem
775 585 1003 639 pecuniam
1040 586 1099 625 sic
1133 589 1349 638 receptam
1383 586 1430 625 in
1461 586 1749 638 reparationes
1792 589 1838 626 et

308 650 562 690 refectiones
594 651 868 700 necessarias,
899 650 1018 703 prius
1049 649 1336 689 consideratas
1378 653 1423 689 et
1463 652 1642 699 taxatas,
1676 649 1838 703 absque

309 727 437 753 morae
458 714 697 767 dispendio,
719 717 968 753 convertere
988 726 1075 752 non
1098 714 1332 762 omittant3
1363 713 1416 752 ad
1430 713 1544 766 quod
1557 727 1633 766 per
1646 713 1837 753 locorum

308 777 641 828 archidiaconos,
662 778 861 833 legitima
892 778 1130 817 monitione
1162 778 1393 831 praemissa,
1425 778 1461 817 si
1491 791 1665 817 neeesse
1687 777 1839 828 fuerit,

310 855 386 895 per
406 842 577 895 majoris
601 842 1054 882 excommunicationis
1078 842 1339 881 sententiam
1360 841 1688 895 compellantur.
1749 841 1840 881 Has

310 909 459 945 autem
480 906 585 945 duas
606 906 939 946 constitutiones
960 906 1075 945 inter
1095 905 1199 945 alias
1218 905 1454 958 synodales,
1470 918 1494 944 a
1514 905 1839 959 quibuscunque

311 969 688 1022 praedecessoribus
728 970 885 1009 nostris
926 968 1074 1020 factas,
1106 969 1363 1022 incorporari
1399 969 1611 1018 volumus,
1643 972 1688 1008 et
1723 969 1840 1009 inter

309 1047 396 1083 eas,
418 1034 463 1072 in
486 1034 668 1087 singulis
689 1033 954 1073 celebrandis
987 1032 1171 1087 synodis,
1195 1033 1429 1073 solenniter
1450 1033 1674 1086 publicari.

399 1097 497 1137 Dat.
520 1098 705 1150 Rippon,
733 1099 774 1136 2.
799 1097 877 1136 cal.
901 1096 1110 1147 Octobris,
1132 1110 1244 1136 anno
1265 1097 1416 1151 gratiae
1441 1107 1644 1138 M.CCG.V1.
1667 1100 1713 1137 et
1735 1110 1841 1151 pon-

310 1161 501 1201 tificatus
522 1161 659 1201 nostri
680 1173 792 1200 anno
813 1160 967 1214 primo.

524 1321 767 1358 SUPPLIES
798 1321 898 1357 FOR
931 1321 1034 1356 THE
1068 1320 1208 1356 EARL
1241 1321 1304 1356 OF
1336 1321 1627 1357 PEMBROKE.

474 1401 623 1436 Rorum
649 1400 808 1444 Sco'rrAE,
836 1401 880 1434 10
905 1400 972 1435 Ed.
1000 1400 1050 1435 ΙΙ.
1077 1401 1147 1435 vol.
1173 1400 1195 1435 i.
1223 1412 1255 1446 p.
1284 1401 1352 1434 159
1369 1400 1393 1435 b
1418 1401 1585 1447 (Membr.
1613 1401 1686 1447 11).

81 1490 150 1512 ω).
166 1482 252 1511 1316.
403 1475 495 1514 Rex
516 1475 717 1515 omnibus
739 1475 790 1514 ad
813 1487 931 1527 quos,
955 1477 1036 1514 etc.
1058 1476 1150 1513 tam
1181 1473 1292 1513 infra
1323 1474 1547 1514 libertates
1568 1488 1698 1528 quam
1723 1477 1842 1515 extra

80 1538 147 1606 {he
160 1538 238 1606 ffssrkl
250 1536 286 1566 of
315 1539 360 1578 in
397 1539 606 1578 comitatu
644 1539 770 1578 Ebor.
806 1537 1005 1577 salutem.
1068 1537 1221 1577 Sciatis
1253 1538 1366 1590 quod
1398 1552 1496 1577 cum
1528 1538 1711 1578 dilectus
1743 1552 1843 1578 con-

80 1587 167 1645 toeffe
182 1586 256 1652 Ξῗιρῗ
317 1603 576 1656 sanguineus
608 1605 653 1641 et
674 1601 812 1641 fidelis
833 1604 979 1641 noster
1000 1600 1235 1640 Adomarus
1257 1601 1310 1640 de
1330 1601 1531 1640 Valentia
1552 1615 1691 1641 comes
1713 1602 1843 1642 Pem-

81 1656 260 1731 ξξξέἰζξέξιζ
316 1665 498 1707 brochiae
534 1666 758 1705 nobiscum
798 1664 851 1704 ad
892 1668 1033 1717 partes
1074 1664 1254 1704 boriales
1295 1665 1467 1704 accedat
1507 1665 1560 1704 ad
1595 1665 1843 1705 induratam

81 1734 115 1762 in
132 1733 247 1771 Ripon.
317 1729 529 1768 malitiam
570 1731 615 1769 et
655 1728 915 1782 proterviam
957 1727 1182 1768 Scotorum
1221 1728 1494 1767 inimicorum
1535 1731 1580 1767 et
1614 1728 1843 1768 rebellium

317 1796 561 1833 nostrorum
582 1806 680 1833 cum
705 1792 787 1832 Dei
817 1791 1030 1845 adjutorio
1051 1792 1388 1844 reprimendum,
1411 1792 1696 1832 concessimus
1719 1793 1759 1832 ei
1790 1793 1843 1832 de

316 1857 459 1910 gracia
479 1859 624 1896 nostra
645 1856 814 1909 speciali
835 1855 949 1909 quod
970 1856 1062 1908 ipse
1083 1868 1158 1908 pro
1171 1855 1355 1895 denariis
1373 1855 1459 1894 suis
1473 1855 1584 1895 infra
1600 1855 1843 1896 libertatem

318 1920 483 1974 Rypon’
518 1919 811 1973 providencias
848 1932 944 1958 suas
985 1919 1037 1959 de
1076 1918 1337 1959 victualibus
1379 1921 1424 1958 et
1464 1918 1558 1958 aliis
1594 1920 1843 1960 necessariis

315 1985 474 2038 quibus
509 1984 681 2037 indiget
713 1983 819 2023 dum
851 1996 1013 2022 moram
1043 1981 1195 2022 fecerit
1224 1982 1269 2021 in
1302 1982 1494 2035 partibus
1525 1982 1610 2022 illis
1641 1996 1717 2036 per
1746 1996 1843 2036 pro-

317 2048 476 2087 visores
499 2061 596 2087 suos
617 2061 722 2100 quos
753 2060 829 2100 per
859 2046 1008 2086 literas
1041 2059 1136 2085 suas
1167 2049 1363 2099 patentes
1393 2046 1446 2085 ad
1467 2044 1545 2086 hoc
1573 2046 1845 2100 deputaverit

317 2112 451 2152 libere
472 2111 610 2151 facere
642 2111 782 2151 valeat
813 2113 858 2150 et
888 2109 1046 2150 habere
1078 2110 1236 2163 absque
1268 2110 1579 2162 impedimento
1609 2112 1746 2151 nostri
1768 2124 1844 2151 seu

317 2176 581 2229 provisorum
603 2178 679 2214 aut
700 2175 994 2214 ministrorum
1016 2177 1259 2214 nostrorum
1280 2188 1647 2227 quorumcunque.

407 2239 460 2278 In
493 2238 631 2291 cujus,
666 2241 747 2278 etc.
784 2250 919 2290 usque
953 2237 1006 2276 ad
1039 2236 1200 2277 festum
1236 2237 1402 2276 Natalis
1443 2237 1616 2277 Domini
1649 2238 1843 2291 proximo

318 2301 468 2341 futuro
489 2301 695 2341 duratur'.

406 2366 534 2405 Teste
575 2365 694 2419 Rege
726 2364 839 2418 apud
877 2363 1068 2404 Lincoln’
1104 2364 1160 2417 vij
1205 2363 1275 2403 die
1316 2364 1518 2418 Augusti.
1579 2365 1662 2405 Per
1701 2365 1842 2419 ipsum

318 2441 481 2483 regem.

615 2543 768 2578 RIPON
802 2543 1114 2578 PLUNDERED
1147 2543 1215 2577 BY
1250 2542 1353 2578 THE
1388 2542 1544 2578 SOOTS.

768 2622 916 2658 Cimon.
935 2632 984 2656 m]
1007 2622 1237 2665 LANERcosT,
1254 2633 1286 2668 p.
1306 2622 1400 2656 235.ι

84 2713 153 2735 Μ).
172 2707 256 2736 1318.
409 2697 461 2736 In
483 2709 631 2736 mense
652 2698 799 2736 autem
821 2695 928 2735 Maii
957 2695 1136 2735 intravit
1162 2696 1372 2735 exercitus
1404 2694 1555 2735 Seotiae
1578 2695 1623 2735 in
1645 2695 1843 2750 Angliam

85 2761 225 2790 scottish
320 2760 502 2800 ulterius
533 2773 661 2812 quam
693 2759 871 2809 solebat,
904 2762 949 2798 et
980 2758 1125 2798 villam
1157 2759 1210 2798 de
1242 2757 1590 2798 Northallertone
1626 2763 1670 2799 et
1703 2759 1841 2798 Buru-
1913 2809 1915 2811 Ι

85 2800 254 2830 incursion.

393 2844 448 2889 (1)
475 2843 539 2878 See
563 2846 701 2877 extract
726 2842 816 2876 from
844 2841 1069 2887 Archbishop
1099 2841 1263 2877 Melton's
1292 2841 1470 2887 Register,
1500 2841 1639 2887 printed
1670 2842 1841 2877 below.-

320 2895 374 2930 Cf.
394 2896 567 2940 Lingaul,
586 2895 679 2928 Hist.
699 2895 789 2938 Eny.
808 2893 862 2928 ch.
882 2893 966 2929 xvii.
