<?xml version="1.0" encoding="UTF-8"?>
<!DOCTYPE html PUBLIC "-//W3C//DTD XHTML 1.0 Transitional//EN"
    "http://www.w3.org/TR/xhtml1/DTD/xhtml1-transitional.dtd">
<html xmlns="http://www.w3.org/1999/xhtml" xml:lang="en" lang="en">
 <head>
  <title>
</title>
<meta http-equiv="Content-Type" content="text/html;charset=utf-8" />
  <meta name='ocr-system' content='tesseract 3.04.00' />
  <meta name='ocr-capabilities' content='ocr_page ocr_carea ocr_par ocr_line ocrx_word'/>
</head>
<body>
  <div class='ocr_page' id='page_1' title='image "./memorialsofchurc01fowl/memorialsofchurc01fowl_0178.png"; bbox 0 0 1935 3151; ppageno 0'>
   <div class='ocr_carea' id='block_1_1' title="bbox 61 164 156 212">
    <p class='ocr_par' dir='ltr' id='par_1_1' title="bbox 61 164 156 212">
     <span class='ocr_line' id='line_1_1' title="bbox 61 164 156 212; baseline 0.021 -2"><span class='ocrx_word' id='word_1_1' title='bbox 61 164 156 212; x_wconf 74' lang='lat'>154</span> 
     </span>
    </p>
   </div>
   <div class='ocr_carea' id='block_1_2' title="bbox 60 564 234 594">
    <p class='ocr_par' dir='ltr' id='par_1_2' title="bbox 60 564 234 594">
     <span class='ocr_line' id='line_1_2' title="bbox 60 564 234 594; baseline 0.006 -1"><span class='ocrx_word' id='word_1_2' title='bbox 60 571 129 593; x_wconf 57' lang='grc' dir='ltr'>ΛΑ).</span> <span class='ocrx_word' id='word_1_3' title='bbox 147 564 234 594; x_wconf 82' lang='grc'><strong>1345.</strong></span> 
     </span>
    </p>
   </div>
   <div class='ocr_carea' id='block_1_3' title="bbox 59 619 205 767">
    <p class='ocr_par' dir='ltr' id='par_1_3' title="bbox 61 619 205 697">
     <span class='ocr_line' id='line_1_3' title="bbox 61 619 205 657; baseline 0.007 -10"><span class='ocrx_word' id='word_1_4' title='bbox 61 619 205 657; x_wconf 86' lang='lat' dir='ltr'>Inspexi-</span> 
     </span>
     <span class='ocr_line' id='line_1_4' title="bbox 61 659 188 697; baseline 0.008 -10"><span class='ocrx_word' id='word_1_5' title='bbox 61 668 129 687; x_wconf 86' lang='lat' dir='ltr'>mus</span> <span class='ocrx_word' id='word_1_6' title='bbox 144 659 188 697; x_wconf 90' lang='lat' dir='ltr'>by</span> 
     </span>
    </p>

    <p class='ocr_par' dir='ltr' id='par_1_4' title="bbox 59 698 202 767">
     <span class='ocr_line' id='line_1_5' title="bbox 60 698 198 735; baseline -0.007 -8"><span class='ocrx_word' id='word_1_7' title='bbox 60 698 104 727; x_wconf 86' lang='lat' dir='ltr'>Ch</span> <span class='ocrx_word' id='word_1_8' title='bbox 110 700 198 735; x_wconf 81' lang='lat' dir='ltr'>apter</span> 
     </span>
     <span class='ocr_line' id='line_1_6' title="bbox 59 736 202 767; baseline 0.014 -2"><span class='ocrx_word' id='word_1_9' title='bbox 59 737 93 765; x_wconf 82' lang='lat' dir='ltr'>of</span> <span class='ocrx_word' id='word_1_10' title='bbox 108 736 202 767; x_wconf 81' lang='lat' dir='ltr'>York.</span> 
     </span>
    </p>
   </div>
   <div class='ocr_carea' id='block_1_4' title="bbox 58 1071 256 1219">
    <p class='ocr_par' dir='ltr' id='par_1_5' title="bbox 58 1071 256 1219">
     <span class='ocr_line' id='line_1_7' title="bbox 61 1071 204 1109; baseline 0 -9"><span class='ocrx_word' id='word_1_11' title='bbox 61 1071 204 1109; x_wconf 78' lang='lat' dir='ltr'>Inspexi-</span> 
     </span>
     <span class='ocr_line' id='line_1_8' title="bbox 59 1112 184 1149; baseline 0 -10"><span class='ocrx_word' id='word_1_12' title='bbox 59 1120 127 1139; x_wconf 76' lang='lat' dir='ltr'>mus</span> <span class='ocrx_word' id='word_1_13' title='bbox 143 1112 184 1149; x_wconf 78' lang='lat' dir='ltr'>by</span> 
     </span>
     <span class='ocr_line' id='line_1_9' title="bbox 59 1150 256 1189; baseline 0.01 -11"><span class='ocrx_word' id='word_1_14' title='bbox 59 1150 256 1189; x_wconf 78' lang='lat' dir='ltr'>Archbishop</span> 
     </span>
     <span class='ocr_line' id='line_1_10' title="bbox 58 1189 190 1219; baseline 0 -1"><span class='ocrx_word' id='word_1_15' title='bbox 58 1189 190 1219; x_wconf 87' lang='lat' dir='ltr'>Zouche.</span> 
     </span>
    </p>
   </div>
   <div class='ocr_carea' id='block_1_5' title="bbox 58 1970 240 2079">
    <p class='ocr_par' dir='ltr' id='par_1_6' title="bbox 58 1970 240 2079">
     <span class='ocr_line' id='line_1_11' title="bbox 60 1970 200 2001; baseline 0.007 -2"><span class='ocrx_word' id='word_1_16' title='bbox 60 1970 148 2001; x_wconf 79' lang='lat' dir='ltr'>will.</span> <span class='ocrx_word' id='word_1_17' title='bbox 164 1972 200 2000; x_wconf 86' lang='lat' dir='ltr'>de</span> 
     </span>
     <span class='ocr_line' id='line_1_12' title="bbox 60 2009 240 2048; baseline 0.006 -10"><span class='ocrx_word' id='word_1_18' title='bbox 60 2009 240 2048; x_wconf 67' lang='lat' dir='ltr'>Plumpton,</span> 
     </span>
     <span class='ocr_line' id='line_1_13' title="bbox 58 2050 198 2079; baseline 0.007 -1"><span class='ocrx_word' id='word_1_19' title='bbox 58 2050 198 2079; x_wconf 55' lang='lat' dir='ltr'>founder.</span> 
     </span>
    </p>
   </div>
   <div class='ocr_carea' id='block_1_6' title="bbox 63 2799 263 2987">
    <p class='ocr_par' dir='ltr' id='par_1_7' title="bbox 63 2799 263 2987">
     <span class='ocr_line' id='line_1_14' title="bbox 65 2799 245 2829; baseline 0 -1"><span class='ocrx_word' id='word_1_20' title='bbox 65 2799 196 2829; x_wconf 53' lang='lat' dir='ltr'>Lirem-(⁸</span> <span class='ocrx_word' id='word_1_21' title='bbox 212 2800 245 2828; x_wconf 74' lang='lat' dir='ltr'>uf</span> 
     </span>
     <span class='ocr_line' id='line_1_15' title="bbox 65 2839 234 2868; baseline -0.006 0"><span class='ocrx_word' id='word_1_22' title='bbox 65 2840 153 2868; x_wconf 65' lang='lat' dir='ltr'>lidw.</span> <span class='ocrx_word' id='word_1_23' title='bbox 173 2839 234 2868; x_wconf 84' lang='grc' dir='ltr'>ῙΙΙ.</span> 
     </span>
     <span class='ocr_line' id='line_1_16' title="bbox 63 2880 176 2907; baseline 0 0"><span class='ocrx_word' id='word_1_24' title='bbox 63 2880 124 2907; x_wconf 75' lang='lat' dir='ltr'>and</span> <span class='ocrx_word' id='word_1_25' title='bbox 142 2880 176 2907; x_wconf 78' lang='lat' dir='ltr'>of</span> 
     </span>
     <span class='ocr_line' id='line_1_17' title="bbox 67 2918 263 2956; baseline 0 -12"><span class='ocrx_word' id='word_1_26' title='bbox 67 2918 263 2956; x_wconf 59' lang='grc' dir='ltr'>λιψὶιΙιίε-Ιιιψ</span> 
     </span>
     <span class='ocr_line' id='line_1_18' title="bbox 64 2958 195 2987; baseline 0.023 -5"><span class='ocrx_word' id='word_1_27' title='bbox 64 2958 195 2987; x_wconf 67' lang='lat' dir='ltr'>[nuche.</span> 
     </span>
    </p>
   </div>
   <div class='ocr_carea' id='block_1_7' title="bbox 779 189 1345 223">
    <p class='ocr_par' dir='ltr' id='par_1_8' title="bbox 779 189 1345 223">
     <span class='ocr_line' id='line_1_19' title="bbox 779 189 1345 223; baseline 0.004 -2"><span class='ocrx_word' id='word_1_28' title='bbox 779 189 1056 223; x_wconf 76' lang='lat' dir='ltr'>MEMORIALS</span> <span class='ocrx_word' id='word_1_29' title='bbox 1092 190 1150 223; x_wconf 71' lang='lat'>01⁴*</span> <span class='ocrx_word' id='word_1_30' title='bbox 1186 190 1345 223; x_wconf 81' lang='lat' dir='ltr'><strong>RIPON.</strong></span> 
     </span>
    </p>
   </div>
   <div class='ocr_carea' id='block_1_8' title="bbox 336 338 1790 434">
    <p class='ocr_par' dir='ltr' id='par_1_9' title="bbox 336 338 1790 434">
     <span class='ocr_line' id='line_1_20' title="bbox 336 338 1790 379; baseline 0.003 -6"><span class='ocrx_word' id='word_1_31' title='bbox 336 338 492 374; x_wconf 83' lang='lat' dir='ltr'>LXXV.</span> <span class='ocrx_word' id='word_1_32' title='bbox 522 340 848 375; x_wconf 76' lang='lat' dir='ltr'><strong>FOUNDATION</strong></span> <span class='ocrx_word' id='word_1_33' title='bbox 892 341 954 375; x_wconf 78' lang='lat' dir='ltr'>OF</span> <span class='ocrx_word' id='word_1_34' title='bbox 987 341 1090 375; x_wconf 87' lang='lat' dir='ltr'>THE</span> <span class='ocrx_word' id='word_1_35' title='bbox 1128 340 1374 375; x_wconf 77' lang='lat' dir='ltr'>OHANTRY</span> <span class='ocrx_word' id='word_1_36' title='bbox 1408 341 1470 375; x_wconf 88' lang='lat' dir='ltr'>OF</span> <span class='ocrx_word' id='word_1_37' title='bbox 1504 340 1607 376; x_wconf 75' lang='lat' dir='ltr'>THE</span> <span class='ocrx_word' id='word_1_38' title='bbox 1650 343 1790 379; x_wconf 87' lang='lat' dir='ltr'><strong>HOLY</strong></span> 
     </span>
     <span class='ocr_line' id='line_1_21' title="bbox 578 398 1565 434; baseline 0.001 -2"><span class='ocrx_word' id='word_1_39' title='bbox 578 398 796 434; x_wconf 86' lang='lat' dir='ltr'>TRINITY.</span> <span class='ocrx_word' id='word_1_40' title='bbox 850 399 1041 434; x_wconf 85' lang='lat' dir='ltr'>‘SUPRA</span> <span class='ocrx_word' id='word_1_41' title='bbox 1074 399 1297 434; x_wconf 81' lang='lat' dir='ltr'>SUMMUM</span> <span class='ocrx_word' id='word_1_42' title='bbox 1332 399 1565 434; x_wconf 69' lang='lat' dir='ltr'><strong>ALTARE!</strong></span> 
     </span>
    </p>
   </div>
   <div class='ocr_carea' id='block_1_9' title="bbox 838 476 1311 523">
    <p class='ocr_par' dir='ltr' id='par_1_10' title="bbox 838 476 1311 523">
     <span class='ocr_line' id='line_1_22' title="bbox 838 476 1311 523; baseline 0.002 -13"><span class='ocrx_word' id='word_1_43' title='bbox 838 476 983 523; x_wconf 76' lang='lat' dir='ltr'>(RIPON</span> <span class='ocrx_word' id='word_1_44' title='bbox 1009 477 1190 511; x_wconf 76' lang='lat' dir='ltr'>CHAPTER</span> <span class='ocrx_word' id='word_1_45' title='bbox 1214 476 1311 523; x_wconf 85' lang='lat' dir='ltr'>MS.)</span> 
     </span>
    </p>
   </div>
   <div class='ocr_carea' id='block_1_10' title="bbox 288 555 1834 2980">
    <p class='ocr_par' dir='ltr' id='par_1_11' title="bbox 293 555 1834 1059">
     <span class='ocr_line' id='line_1_23' title="bbox 384 555 1832 613; baseline 0.003 -17"><span class='ocrx_word' id='word_1_46' title='bbox 384 555 593 598; x_wconf 87' lang='lat' dir='ltr'>Omnibus</span> <span class='ocrx_word' id='word_1_47' title='bbox 636 557 794 599; x_wconf 85' lang='lat' dir='ltr'>Christi</span> <span class='ocrx_word' id='word_1_48' title='bbox 834 558 1034 599; x_wconf 89' lang='lat' dir='ltr'>fidelibus</span> <span class='ocrx_word' id='word_1_49' title='bbox 1085 561 1315 612; x_wconf 76' lang='lat' dir='ltr'>praesentes</span> <span class='ocrx_word' id='word_1_50' title='bbox 1364 558 1510 598; x_wconf 76' lang='lat' dir='ltr'>literas</span> <span class='ocrx_word' id='word_1_51' title='bbox 1560 559 1832 613; x_wconf 84' lang='lat' dir='ltr'>inspecturis,</span> 
     </span>
     <span class='ocr_line' id='line_1_24' title="bbox 295 619 1832 676; baseline 0.003 -16"><span class='ocrx_word' id='word_1_52' title='bbox 295 619 543 674; x_wconf 78' lang='lat' dir='ltr'>Capitulum</span> <span class='ocrx_word' id='word_1_53' title='bbox 567 623 756 663; x_wconf 87' lang='lat' dir='ltr'>ecclesiae</span> <span class='ocrx_word' id='word_1_54' title='bbox 774 623 897 663; x_wconf 80' lang='lat' dir='ltr'>Beati</span> <span class='ocrx_word' id='word_1_55' title='bbox 914 623 1034 662; x_wconf 90' lang='lat' dir='ltr'>Petri</span> <span class='ocrx_word' id='word_1_56' title='bbox 1051 623 1192 673; x_wconf 91' lang='lat' dir='ltr'>Ebor.,</span> <span class='ocrx_word' id='word_1_57' title='bbox 1214 623 1373 662; x_wconf 87' lang='lat' dir='ltr'>decano</span> <span class='ocrx_word' id='word_1_58' title='bbox 1387 622 1579 676; x_wconf 88' lang='lat' dir='ltr'>ejusdem</span> <span class='ocrx_word' id='word_1_59' title='bbox 1597 624 1641 663; x_wconf 90' lang='lat' dir='ltr'>in</span> <span class='ocrx_word' id='word_1_60' title='bbox 1657 627 1832 665; x_wconf 89' lang='lat' dir='ltr'>remotis</span> 
     </span>
     <span class='ocr_line' id='line_1_25' title="bbox 293 686 1832 739; baseline 0.005 -16"><span class='ocrx_word' id='word_1_61' title='bbox 293 688 462 739; x_wconf 77' lang='lat' dir='ltr'>agente,</span> <span class='ocrx_word' id='word_1_62' title='bbox 479 686 663 727; x_wconf 88' lang='lat' dir='ltr'>salutem</span> <span class='ocrx_word' id='word_1_63' title='bbox 681 688 727 726; x_wconf 91' lang='lat' dir='ltr'>in</span> <span class='ocrx_word' id='word_1_64' title='bbox 744 687 806 726; x_wconf 88' lang='lat' dir='ltr'>Eo</span> <span class='ocrx_word' id='word_1_65' title='bbox 824 687 908 735; x_wconf 84' lang='lat' dir='ltr'>Qui</span> <span class='ocrx_word' id='word_1_66' title='bbox 926 690 993 726; x_wconf 88' lang='lat' dir='ltr'>est</span> <span class='ocrx_word' id='word_1_67' title='bbox 1006 687 1202 726; x_wconf 91' lang='lat' dir='ltr'>omnium</span> <span class='ocrx_word' id='word_1_68' title='bbox 1219 687 1331 726; x_wconf 90' lang='lat' dir='ltr'>Vera</span> <span class='ocrx_word' id='word_1_69' title='bbox 1349 687 1484 727; x_wconf 84' lang='lat' dir='ltr'>Salus.</span> <span class='ocrx_word' id='word_1_70' title='bbox 1527 687 1568 726; x_wconf 93' lang='lat' dir='ltr'>N</span> <span class='ocrx_word' id='word_1_71' title='bbox 1570 689 1742 728; x_wconf 87' lang='lat' dir='ltr'>overitis</span> <span class='ocrx_word' id='word_1_72' title='bbox 1755 703 1832 730; x_wconf 89' lang='lat' dir='ltr'>nos</span> 
     </span>
     <span class='ocr_line' id='line_1_26' title="bbox 293 749 1832 804; baseline 0.003 -17"><span class='ocrx_word' id='word_1_73' title='bbox 293 749 437 788; x_wconf 78' lang='lat' dir='ltr'>literas</span> <span class='ocrx_word' id='word_1_74' title='bbox 469 752 691 791; x_wconf 88' lang='lat' dir='ltr'>reverendi</span> <span class='ocrx_word' id='word_1_75' title='bbox 714 752 759 791; x_wconf 92' lang='lat' dir='ltr'>in</span> <span class='ocrx_word' id='word_1_76' title='bbox 792 750 960 791; x_wconf 87' lang='lat' dir='ltr'>Christo</span> <span class='ocrx_word' id='word_1_77' title='bbox 992 752 1127 804; x_wconf 86' lang='lat' dir='ltr'>patris</span> <span class='ocrx_word' id='word_1_78' title='bbox 1159 754 1204 791; x_wconf 91' lang='lat' dir='ltr'>et</span> <span class='ocrx_word' id='word_1_79' title='bbox 1236 751 1414 800; x_wconf 89' lang='lat' dir='ltr'>domini,</span> <span class='ocrx_word' id='word_1_80' title='bbox 1437 751 1600 790; x_wconf 92' lang='lat' dir='ltr'>domini</span> <span class='ocrx_word' id='word_1_81' title='bbox 1622 752 1832 792; x_wconf 80' lang='lat' dir='ltr'>willelmi</span> 
     </span>
     <span class='ocr_line' id='line_1_27' title="bbox 296 813 1833 870; baseline 0.003 -18"><span class='ocrx_word' id='word_1_82' title='bbox 296 813 376 853; x_wconf 89' lang='lat' dir='ltr'>Dei</span> <span class='ocrx_word' id='word_1_83' title='bbox 407 815 548 868; x_wconf 84' lang='lat' dir='ltr'>gracia</span> <span class='ocrx_word' id='word_1_84' title='bbox 573 815 699 856; x_wconf 89' lang='lat' dir='ltr'>Ebor.</span> <span class='ocrx_word' id='word_1_85' title='bbox 727 815 1062 869; x_wconf 87' lang='lat' dir='ltr'>Archiepiscopi,</span> <span class='ocrx_word' id='word_1_86' title='bbox 1094 815 1262 869; x_wconf 84' lang='lat' dir='ltr'>Angliae</span> <span class='ocrx_word' id='word_1_87' title='bbox 1292 815 1511 865; x_wconf 83' lang='lat' dir='ltr'>Primatis,</span> <span class='ocrx_word' id='word_1_88' title='bbox 1545 815 1667 855; x_wconf 81' lang='lat' dir='ltr'>Sedis</span> <span class='ocrx_word' id='word_1_89' title='bbox 1699 817 1833 870; x_wconf 88' lang='lat' dir='ltr'>Apos-</span> 
     </span>
     <span class='ocr_line' id='line_1_28' title="bbox 295 877 1834 935; baseline 0.002 -19"><span class='ocrx_word' id='word_1_90' title='bbox 295 877 434 918; x_wconf 87' lang='lat' dir='ltr'>tolicae</span> <span class='ocrx_word' id='word_1_91' title='bbox 468 879 638 932; x_wconf 80' lang='lat' dir='ltr'>Legati,</span> <span class='ocrx_word' id='word_1_92' title='bbox 668 880 799 934; x_wconf 85' lang='lat' dir='ltr'>sigilli</span> <span class='ocrx_word' id='word_1_93' title='bbox 830 880 895 919; x_wconf 88' lang='lat' dir='ltr'>sui</span> <span class='ocrx_word' id='word_1_94' title='bbox 929 879 1210 932; x_wconf 85' lang='lat' dir='ltr'>impressione</span> <span class='ocrx_word' id='word_1_95' title='bbox 1244 880 1289 918; x_wconf 90' lang='lat' dir='ltr'>in</span> <span class='ocrx_word' id='word_1_96' title='bbox 1320 893 1415 918; x_wconf 86' lang='lat' dir='ltr'>cera</span> <span class='ocrx_word' id='word_1_97' title='bbox 1446 880 1579 935; x_wconf 84' lang='lat' dir='ltr'>rubea</span> <span class='ocrx_word' id='word_1_98' title='bbox 1603 880 1834 932; x_wconf 85' lang='lat' dir='ltr'>pendentis</span> 
     </span>
     <span class='ocr_line' id='line_1_29' title="bbox 297 942 1830 999; baseline 0.003 -18"><span class='ocrx_word' id='word_1_99' title='bbox 297 942 485 996; x_wconf 84' lang='lat' dir='ltr'>signatas</span> <span class='ocrx_word' id='word_1_100' title='bbox 507 944 663 984; x_wconf 88' lang='lat' dir='ltr'>vidisse</span> <span class='ocrx_word' id='word_1_101' title='bbox 697 948 742 985; x_wconf 88' lang='lat' dir='ltr'>et</span> <span class='ocrx_word' id='word_1_102' title='bbox 773 944 1006 999; x_wconf 80' lang='lat' dir='ltr'>diligenter</span> <span class='ocrx_word' id='word_1_103' title='bbox 1037 944 1288 997; x_wconf 86' lang='lat' dir='ltr'>inspexisse,</span> <span class='ocrx_word' id='word_1_104' title='bbox 1309 946 1505 983; x_wconf 88' lang='lat' dir='ltr'>tenorem</span> <span class='ocrx_word' id='word_1_105' title='bbox 1537 945 1611 997; x_wconf 90' lang='lat' dir='ltr'>qui</span> <span class='ocrx_word' id='word_1_106' title='bbox 1635 946 1830 998; x_wconf 90' lang='lat' dir='ltr'>sequitur</span> 
     </span>
     <span class='ocr_line' id='line_1_30' title="bbox 295 1007 866 1059; baseline 0.007 -15"><span class='ocrx_word' id='word_1_107' title='bbox 295 1019 370 1059; x_wconf 89' lang='lat' dir='ltr'>per</span> <span class='ocrx_word' id='word_1_108' title='bbox 391 1007 534 1047; x_wconf 87' lang='lat' dir='ltr'>omnia</span> <span class='ocrx_word' id='word_1_109' title='bbox 555 1008 866 1049; x_wconf 88' lang='lat' dir='ltr'>continentem.</span> 
     </span>
    </p>

    <p class='ocr_par' dir='ltr' id='par_1_12' title="bbox 288 1070 1832 1956">
     <span class='ocr_line' id='line_1_31' title="bbox 383 1070 1830 1124; baseline 0.002 -13"><span class='ocrx_word' id='word_1_110' title='bbox 383 1070 632 1111; x_wconf 90' lang='lat' dir='ltr'>‘Universis</span> <span class='ocrx_word' id='word_1_111' title='bbox 664 1072 830 1112; x_wconf 75' lang='lat' dir='ltr'>Sanctae</span> <span class='ocrx_word' id='word_1_112' title='bbox 861 1072 1011 1112; x_wconf 89' lang='lat' dir='ltr'>matris</span> <span class='ocrx_word' id='word_1_113' title='bbox 1043 1072 1242 1112; x_wconf 86' lang='lat' dir='ltr'>Ecclesiae</span> <span class='ocrx_word' id='word_1_114' title='bbox 1279 1071 1379 1111; x_wconf 88' lang='lat' dir='ltr'>filiis</span> <span class='ocrx_word' id='word_1_115' title='bbox 1416 1075 1649 1124; x_wconf 79' lang='lat' dir='ltr'>praesentes</span> <span class='ocrx_word' id='word_1_116' title='bbox 1683 1073 1830 1114; x_wconf 76' lang='lat' dir='ltr'>literas</span> 
     </span>
     <span class='ocr_line' id='line_1_32' title="bbox 292 1133 1830 1190; baseline 0.003 -18"><span class='ocrx_word' id='word_1_117' title='bbox 292 1133 564 1186; x_wconf 86' lang='lat' dir='ltr'>inspecturis,</span> <span class='ocrx_word' id='word_1_118' title='bbox 585 1135 831 1176; x_wconf 79' lang='lat' dir='ltr'>VVillelmus</span> <span class='ocrx_word' id='word_1_119' title='bbox 852 1136 1134 1190; x_wconf 88' lang='lat' dir='ltr'>permissione</span> <span class='ocrx_word' id='word_1_120' title='bbox 1155 1135 1300 1175; x_wconf 88' lang='lat' dir='ltr'>divina</span> <span class='ocrx_word' id='word_1_121' title='bbox 1320 1135 1445 1175; x_wconf 89' lang='lat' dir='ltr'>Ebor.</span> <span class='ocrx_word' id='word_1_122' title='bbox 1461 1134 1830 1190; x_wconf 86' lang='lat' dir='ltr'>Archiepiscopus,</span> 
     </span>
     <span class='ocr_line' id='line_1_33' title="bbox 292 1197 1829 1253; baseline 0.003 -17"><span class='ocrx_word' id='word_1_123' title='bbox 292 1197 460 1252; x_wconf 85' lang='lat' dir='ltr'>Angliae</span> <span class='ocrx_word' id='word_1_124' title='bbox 491 1198 671 1249; x_wconf 88' lang='lat' dir='ltr'>Primas,</span> <span class='ocrx_word' id='word_1_125' title='bbox 703 1199 825 1240; x_wconf 84' lang='lat' dir='ltr'>Sedis</span> <span class='ocrx_word' id='word_1_126' title='bbox 857 1200 1093 1253; x_wconf 86' lang='lat' dir='ltr'>Apostolici</span> <span class='ocrx_word' id='word_1_127' title='bbox 1125 1200 1329 1253; x_wconf 82' lang='lat' dir='ltr'>Legatus,</span> <span class='ocrx_word' id='word_1_128' title='bbox 1358 1199 1544 1238; x_wconf 84' lang='lat' dir='ltr'>salutem</span> <span class='ocrx_word' id='word_1_129' title='bbox 1577 1200 1623 1238; x_wconf 89' lang='lat' dir='ltr'>in</span> <span class='ocrx_word' id='word_1_130' title='bbox 1653 1201 1829 1241; x_wconf 86' lang='lat' dir='ltr'>sinceris</span> 
     </span>
     <span class='ocr_line' id='line_1_34' title="bbox 292 1262 1830 1318; baseline 0.003 -17"><span class='ocrx_word' id='word_1_131' title='bbox 292 1262 561 1315; x_wconf 80' lang='lat' dir='ltr'>amplexibus</span> <span class='ocrx_word' id='word_1_132' title='bbox 585 1263 827 1304; x_wconf 82' lang='lat' dir='ltr'>Salvatoris.</span> <span class='ocrx_word' id='word_1_133' title='bbox 888 1264 966 1304; x_wconf 90' lang='lat' dir='ltr'>Pia</span> <span class='ocrx_word' id='word_1_134' title='bbox 986 1263 1236 1317; x_wconf 88' lang='lat' dir='ltr'>petencium</span> <span class='ocrx_word' id='word_1_135' title='bbox 1259 1263 1485 1313; x_wconf 88' lang='lat' dir='ltr'>desideria,</span> <span class='ocrx_word' id='word_1_136' title='bbox 1507 1263 1598 1303; x_wconf 89' lang='lat' dir='ltr'>Deo</span> <span class='ocrx_word' id='word_1_137' title='bbox 1618 1267 1754 1318; x_wconf 86' lang='lat' dir='ltr'>grata,</span> <span class='ocrx_word' id='word_1_138' title='bbox 1777 1266 1830 1305; x_wconf 88' lang='lat' dir='ltr'>ad</span> 
     </span>
     <span class='ocr_line' id='line_1_35' title="bbox 292 1325 1831 1381; baseline 0.003 -16"><span class='ocrx_word' id='word_1_139' title='bbox 292 1325 465 1366; x_wconf 89' lang='lat' dir='ltr'>laudem</span> <span class='ocrx_word' id='word_1_140' title='bbox 507 1327 588 1367; x_wconf 89' lang='lat' dir='ltr'>Dei</span> <span class='ocrx_word' id='word_1_141' title='bbox 623 1331 668 1367; x_wconf 90' lang='lat' dir='ltr'>et</span> <span class='ocrx_word' id='word_1_142' title='bbox 705 1328 847 1381; x_wconf 89' lang='lat' dir='ltr'>Ipsius</span> <span class='ocrx_word' id='word_1_143' title='bbox 880 1327 1024 1367; x_wconf 90' lang='lat' dir='ltr'>cultus</span> <span class='ocrx_word' id='word_1_144' title='bbox 1060 1330 1346 1381; x_wconf 84' lang='lat' dir='ltr'>augmentum</span> <span class='ocrx_word' id='word_1_145' title='bbox 1389 1327 1552 1367; x_wconf 78' lang='lat' dir='ltr'>directe</span> <span class='ocrx_word' id='word_1_146' title='bbox 1586 1328 1831 1380; x_wconf 85' lang='lat' dir='ltr'>tendencia,</span> 
     </span>
     <span class='ocr_line' id='line_1_36' title="bbox 292 1390 1831 1445; baseline 0.003 -16"><span class='ocrx_word' id='word_1_147' title='bbox 292 1393 416 1430; x_wconf 84' lang='lat' dir='ltr'>tanto</span> <span class='ocrx_word' id='word_1_148' title='bbox 456 1390 730 1431; x_wconf 86' lang='lat' dir='ltr'>favorabilius</span> <span class='ocrx_word' id='word_1_149' title='bbox 772 1392 972 1431; x_wconf 87' lang='lat' dir='ltr'>exaudire</span> <span class='ocrx_word' id='word_1_150' title='bbox 1023 1395 1067 1431; x_wconf 89' lang='lat' dir='ltr'>et</span> <span class='ocrx_word' id='word_1_151' title='bbox 1108 1391 1284 1430; x_wconf 85' lang='lat' dir='ltr'>effectui</span> <span class='ocrx_word' id='word_1_152' title='bbox 1325 1391 1529 1430; x_wconf 85' lang='lat' dir='ltr'>convenit</span> <span class='ocrx_word' id='word_1_153' title='bbox 1570 1392 1831 1445; x_wconf 86' lang='lat' dir='ltr'>mancipare,</span> 
     </span>
     <span class='ocr_line' id='line_1_37' title="bbox 292 1454 1831 1509; baseline 0.003 -16"><span class='ocrx_word' id='word_1_154' title='bbox 292 1458 453 1507; x_wconf 85' lang='lat' dir='ltr'>quanto</span> <span class='ocrx_word' id='word_1_155' title='bbox 494 1469 570 1508; x_wconf 88' lang='lat' dir='ltr'>per</span> <span class='ocrx_word' id='word_1_156' title='bbox 613 1456 913 1495; x_wconf 82' lang='lat' dir='ltr'>execucionem</span> <span class='ocrx_word' id='word_1_157' title='bbox 955 1454 1087 1509; x_wconf 90' lang='lat' dir='ltr'>hujus</span> <span class='ocrx_word' id='word_1_158' title='bbox 1128 1454 1337 1494; x_wconf 91' lang='lat' dir='ltr'>bonorum</span> <span class='ocrx_word' id='word_1_159' title='bbox 1379 1469 1558 1507; x_wconf 90' lang='lat' dir='ltr'>operum</span> <span class='ocrx_word' id='word_1_160' title='bbox 1594 1456 1638 1495; x_wconf 94' lang='lat' dir='ltr'>in</span> <span class='ocrx_word' id='word_1_161' title='bbox 1676 1458 1831 1497; x_wconf 90' lang='lat' dir='ltr'>merito</span> 
     </span>
     <span class='ocr_line' id='line_1_38' title="bbox 291 1517 1832 1573; baseline 0.003 -17"><span class='ocrx_word' id='word_1_162' title='bbox 291 1518 504 1571; x_wconf 83' lang='lat' dir='ltr'>particeps</span> <span class='ocrx_word' id='word_1_163' title='bbox 527 1518 723 1569; x_wconf 85' lang='lat' dir='ltr'>efficit-ur,</span> <span class='ocrx_word' id='word_1_164' title='bbox 745 1519 1026 1573; x_wconf 88' lang='lat' dir='ltr'>fideliumque</span> <span class='ocrx_word' id='word_1_165' title='bbox 1049 1519 1221 1558; x_wconf 82' lang='lat' dir='ltr'>devocio</span> <span class='ocrx_word' id='word_1_166' title='bbox 1243 1519 1288 1558; x_wconf 92' lang='lat' dir='ltr'>in</span> <span class='ocrx_word' id='word_1_167' title='bbox 1309 1517 1392 1558; x_wconf 90' lang='lat' dir='ltr'>hiis</span> <span class='ocrx_word' id='word_1_168' title='bbox 1415 1522 1576 1559; x_wconf 80' lang='lat' dir='ltr'>crescat</span> <span class='ocrx_word' id='word_1_169' title='bbox 1598 1523 1641 1559; x_wconf 88' lang='lat' dir='ltr'>et</span> <span class='ocrx_word' id='word_1_170' title='bbox 1663 1519 1832 1561; x_wconf 89' lang='lat' dir='ltr'>ferven-</span> 
     </span>
     <span class='ocr_line' id='line_1_39' title="bbox 290 1582 1830 1638; baseline 0.003 -18"><span class='ocrx_word' id='word_1_171' title='bbox 290 1582 381 1621; x_wconf 89' lang='lat' dir='ltr'>cius</span> <span class='ocrx_word' id='word_1_172' title='bbox 403 1582 649 1622; x_wconf 87' lang='lat' dir='ltr'>invalescat.</span> <span class='ocrx_word' id='word_1_173' title='bbox 712 1583 820 1624; x_wconf 86' lang='lat' dir='ltr'>Cum</span> <span class='ocrx_word' id='word_1_174' title='bbox 845 1584 982 1637; x_wconf 86' lang='lat' dir='ltr'>igitur</span> <span class='ocrx_word' id='word_1_175' title='bbox 1004 1583 1207 1623; x_wconf 90' lang='lat' dir='ltr'>dominus</span> <span class='ocrx_word' id='word_1_176' title='bbox 1229 1582 1477 1622; x_wconf 88' lang='lat' dir='ltr'>Willelmus</span> <span class='ocrx_word' id='word_1_177' title='bbox 1499 1583 1552 1622; x_wconf 92' lang='lat' dir='ltr'>de</span> <span class='ocrx_word' id='word_1_178' title='bbox 1576 1583 1830 1638; x_wconf 86' lang='lat' dir='ltr'>Plumpton,</span> 
     </span>
     <span class='ocr_line' id='line_1_40' title="bbox 290 1645 1829 1700; baseline 0.003 -16"><span class='ocrx_word' id='word_1_179' title='bbox 290 1645 427 1695; x_wconf 91' lang='lat' dir='ltr'>miles,</span> <span class='ocrx_word' id='word_1_180' title='bbox 469 1646 512 1685; x_wconf 90' lang='lat' dir='ltr'>in</span> <span class='ocrx_word' id='word_1_181' title='bbox 555 1647 807 1687; x_wconf 89' lang='lat' dir='ltr'>remissione</span> <span class='ocrx_word' id='word_1_182' title='bbox 850 1661 1025 1687; x_wconf 89' lang='lat' dir='ltr'>suorum</span> <span class='ocrx_word' id='word_1_183' title='bbox 1077 1647 1390 1700; x_wconf 83' lang='lat' dir='ltr'>peccaminum,</span> <span class='ocrx_word' id='word_1_184' title='bbox 1432 1661 1642 1686; x_wconf 90' lang='lat' dir='ltr'>consensu</span> <span class='ocrx_word' id='word_1_185' title='bbox 1683 1652 1829 1689; x_wconf 90' lang='lat' dir='ltr'>nostro</span> 
     </span>
     <span class='ocr_line' id='line_1_41' title="bbox 288 1709 1828 1765; baseline 0.003 -17"><span class='ocrx_word' id='word_1_186' title='bbox 288 1709 556 1760; x_wconf 82' lang='lat' dir='ltr'>auctorabili,</span> <span class='ocrx_word' id='word_1_187' title='bbox 580 1713 624 1750; x_wconf 85' lang='lat' dir='ltr'>et</span> <span class='ocrx_word' id='word_1_188' title='bbox 645 1725 820 1751; x_wconf 87' lang='lat' dir='ltr'>assensu</span> <span class='ocrx_word' id='word_1_189' title='bbox 842 1711 1021 1765; x_wconf 84' lang='lat' dir='ltr'>capituli</span> <span class='ocrx_word' id='word_1_190' title='bbox 1052 1712 1187 1750; x_wconf 89' lang='lat' dir='ltr'>nostri</span> <span class='ocrx_word' id='word_1_191' title='bbox 1220 1710 1346 1750; x_wconf 91' lang='lat' dir='ltr'>Ebor.</span> <span class='ocrx_word' id='word_1_192' title='bbox 1370 1710 1422 1749; x_wconf 88' lang='lat' dir='ltr'>de</span> <span class='ocrx_word' id='word_1_193' title='bbox 1454 1710 1575 1750; x_wconf 90' lang='lat' dir='ltr'>bonis</span> <span class='ocrx_word' id='word_1_194' title='bbox 1609 1712 1695 1750; x_wconf 91' lang='lat' dir='ltr'>suis</span> <span class='ocrx_word' id='word_1_195' title='bbox 1717 1715 1828 1752; x_wconf 89' lang='lat' dir='ltr'>tem-</span> 
     </span>
     <span class='ocr_line' id='line_1_42' title="bbox 291 1772 1828 1830; baseline 0.003 -19"><span class='ocrx_word' id='word_1_196' title='bbox 291 1773 506 1826; x_wconf 89' lang='lat' dir='ltr'>poralibus</span> <span class='ocrx_word' id='word_1_197' title='bbox 537 1788 669 1814; x_wconf 88' lang='lat' dir='ltr'>unam</span> <span class='ocrx_word' id='word_1_198' title='bbox 702 1776 936 1815; x_wconf 85' lang='lat' dir='ltr'>cantariam</span> <span class='ocrx_word' id='word_1_199' title='bbox 958 1779 1211 1829; x_wconf 88' lang='lat' dir='ltr'>perpetuam</span> <span class='ocrx_word' id='word_1_200' title='bbox 1242 1775 1287 1814; x_wconf 93' lang='lat' dir='ltr'>in</span> <span class='ocrx_word' id='word_1_201' title='bbox 1311 1775 1488 1814; x_wconf 86' lang='lat' dir='ltr'>ecclesia</span> <span class='ocrx_word' id='word_1_202' title='bbox 1509 1778 1653 1815; x_wconf 89' lang='lat' dir='ltr'>nostra</span> <span class='ocrx_word' id='word_1_203' title='bbox 1675 1772 1828 1830; x_wconf 85' lang='lat' dir='ltr'>Ripon&#39;</span> 
     </span>
     <span class='ocr_line' id='line_1_43' title="bbox 289 1837 1827 1891; baseline 0.003 -15"><span class='ocrx_word' id='word_1_204' title='bbox 289 1837 527 1877; x_wconf 84' lang='lat' dir='ltr'>faciendam</span> <span class='ocrx_word' id='word_1_205' title='bbox 542 1838 769 1889; x_wconf 81' lang='lat' dir='ltr'>dotaverit,</span> <span class='ocrx_word' id='word_1_206' title='bbox 787 1839 1046 1889; x_wconf 82' lang='lat' dir='ltr'>fundaverit,</span> <span class='ocrx_word' id='word_1_207' title='bbox 1057 1843 1101 1879; x_wconf 87' lang='lat' dir='ltr'>et</span> <span class='ocrx_word' id='word_1_208' title='bbox 1113 1840 1159 1878; x_wconf 93' lang='lat' dir='ltr'>in</span> <span class='ocrx_word' id='word_1_209' title='bbox 1175 1839 1341 1891; x_wconf 90' lang='lat' dir='ltr'>scriptis</span> <span class='ocrx_word' id='word_1_210' title='bbox 1356 1839 1630 1889; x_wconf 86' lang='lat' dir='ltr'>ordinaverit,</span> <span class='ocrx_word' id='word_1_211' title='bbox 1648 1839 1827 1880; x_wconf 85' lang='lat' dir='ltr'>sormam</span> 
     </span>
     <span class='ocr_line' id='line_1_44' title="bbox 289 1903 1231 1956; baseline 0.003 -16"><span class='ocrx_word' id='word_1_212' title='bbox 289 1904 334 1941; x_wconf 89' lang='lat' dir='ltr'>et</span> <span class='ocrx_word' id='word_1_213' title='bbox 356 1904 550 1941; x_wconf 89' lang='lat' dir='ltr'>tenorem</span> <span class='ocrx_word' id='word_1_214' title='bbox 573 1903 646 1955; x_wconf 89' lang='lat' dir='ltr'>qui</span> <span class='ocrx_word' id='word_1_215' title='bbox 670 1904 865 1956; x_wconf 88' lang='lat' dir='ltr'>sequitur</span> <span class='ocrx_word' id='word_1_216' title='bbox 886 1903 1231 1943; x_wconf 84' lang='lat' dir='ltr'>continentibus:</span> 
     </span>
    </p>

    <p class='ocr_par' dir='ltr' id='par_1_13' title="bbox 291 1965 1829 2980">
     <span class='ocr_line' id='line_1_45' title="bbox 380 1965 1828 2018; baseline 0.003 -14"><span class='ocrx_word' id='word_1_217' title='bbox 380 1966 457 2004; x_wconf 87' lang='lat' dir='ltr'>‘In</span> <span class='ocrx_word' id='word_1_218' title='bbox 509 1967 682 2006; x_wconf 89' lang='lat' dir='ltr'>nomine</span> <span class='ocrx_word' id='word_1_219' title='bbox 726 1967 915 2018; x_wconf 89' lang='lat' dir='ltr'>Domini,</span> <span class='ocrx_word' id='word_1_220' title='bbox 957 1968 1110 2007; x_wconf 89' lang='lat' dir='ltr'>Amen.</span> <span class='ocrx_word' id='word_1_221' title='bbox 1174 1966 1385 2007; x_wconf 88' lang='lat' dir='ltr'>Omnibus</span> <span class='ocrx_word' id='word_1_222' title='bbox 1427 1965 1586 2006; x_wconf 88' lang='lat' dir='ltr'>Christi</span> <span class='ocrx_word' id='word_1_223' title='bbox 1628 1967 1828 2008; x_wconf 88' lang='lat' dir='ltr'>fidelibus</span> 
     </span>
     <span class='ocr_line' id='line_1_46' title="bbox 292 2031 1828 2085; baseline 0.002 -16"><span class='ocrx_word' id='word_1_224' title='bbox 292 2033 522 2083; x_wconf 84' lang='lat' dir='ltr'>praesentes</span> <span class='ocrx_word' id='word_1_225' title='bbox 544 2031 688 2071; x_wconf 87' lang='lat' dir='ltr'>literas</span> <span class='ocrx_word' id='word_1_226' title='bbox 711 2032 868 2071; x_wconf 87' lang='lat' dir='ltr'>visuris</span> <span class='ocrx_word' id='word_1_227' title='bbox 890 2033 958 2072; x_wconf 89' lang='lat' dir='ltr'>vel</span> <span class='ocrx_word' id='word_1_228' title='bbox 979 2032 1206 2083; x_wconf 87' lang='lat' dir='ltr'>audituris,</span> <span class='ocrx_word' id='word_1_229' title='bbox 1228 2032 1472 2071; x_wconf 79' lang='lat' dir='ltr'>Willelmus</span> <span class='ocrx_word' id='word_1_230' title='bbox 1504 2032 1556 2071; x_wconf 91' lang='lat' dir='ltr'>de</span> <span class='ocrx_word' id='word_1_231' title='bbox 1578 2032 1828 2085; x_wconf 89' lang='lat' dir='ltr'>Plumpton,</span> 
     </span>
     <span class='ocr_line' id='line_1_47' title="bbox 291 2094 1828 2150; baseline 0.003 -18"><span class='ocrx_word' id='word_1_232' title='bbox 291 2094 429 2143; x_wconf 89' lang='lat' dir='ltr'>miles,</span> <span class='ocrx_word' id='word_1_233' title='bbox 463 2095 648 2134; x_wconf 86' lang='lat' dir='ltr'>salutem</span> <span class='ocrx_word' id='word_1_234' title='bbox 680 2096 724 2135; x_wconf 93' lang='lat' dir='ltr'>in</span> <span class='ocrx_word' id='word_1_235' title='bbox 757 2096 941 2136; x_wconf 89' lang='lat' dir='ltr'>Domino</span> <span class='ocrx_word' id='word_1_236' title='bbox 976 2097 1295 2150; x_wconf 89' lang='lat' dir='ltr'>sempiternam.</span> <span class='ocrx_word' id='word_1_237' title='bbox 1359 2096 1601 2135; x_wconf 88' lang='lat' dir='ltr'>Attendens</span> <span class='ocrx_word' id='word_1_238' title='bbox 1633 2096 1747 2149; x_wconf 91' lang='lat' dir='ltr'>quod</span> <span class='ocrx_word' id='word_1_239' title='bbox 1776 2097 1828 2136; x_wconf 88' lang='lat' dir='ltr'>de</span> 
     </span>
     <span class='ocr_line' id='line_1_48' title="bbox 291 2157 1828 2213; baseline 0.001 -16"><span class='ocrx_word' id='word_1_240' title='bbox 291 2157 600 2198; x_wconf 82' lang='lat' dir='ltr'>distribucione</span> <span class='ocrx_word' id='word_1_241' title='bbox 623 2162 668 2199; x_wconf 88' lang='lat' dir='ltr'>et</span> <span class='ocrx_word' id='word_1_242' title='bbox 688 2160 896 2199; x_wconf 85' lang='lat' dir='ltr'>divisione</span> <span class='ocrx_word' id='word_1_243' title='bbox 919 2174 1064 2199; x_wconf 88' lang='lat' dir='ltr'>rerum</span> <span class='ocrx_word' id='word_1_244' title='bbox 1085 2160 1389 2213; x_wconf 89' lang='lat' dir='ltr'>temporalium</span> <span class='ocrx_word' id='word_1_245' title='bbox 1411 2174 1436 2199; x_wconf 90' lang='lat' dir='ltr'>a</span> <span class='ocrx_word' id='word_1_246' title='bbox 1456 2160 1547 2199; x_wconf 92' lang='lat' dir='ltr'>Deo</span> <span class='ocrx_word' id='word_1_247' title='bbox 1567 2161 1828 2200; x_wconf 88' lang='lat' dir='ltr'>creditarum</span> 
     </span>
     <span class='ocr_line' id='line_1_49' title="bbox 292 2222 1829 2278; baseline 0.003 -18"><span class='ocrx_word' id='word_1_248' title='bbox 292 2222 336 2261; x_wconf 91' lang='lat' dir='ltr'>in</span> <span class='ocrx_word' id='word_1_249' title='bbox 374 2222 558 2262; x_wconf 83' lang='lat' dir='ltr'>districti</span> <span class='ocrx_word' id='word_1_250' title='bbox 592 2224 800 2262; x_wconf 85' lang='lat' dir='ltr'>examinis</span> <span class='ocrx_word' id='word_1_251' title='bbox 828 2223 993 2277; x_wconf 84' lang='lat' dir='ltr'>judicio</span> <span class='ocrx_word' id='word_1_252' title='bbox 1026 2224 1238 2277; x_wconf 87' lang='lat' dir='ltr'>exquisita</span> <span class='ocrx_word' id='word_1_253' title='bbox 1272 2224 1383 2263; x_wconf 87' lang='lat' dir='ltr'>racio</span> <span class='ocrx_word' id='word_1_254' title='bbox 1416 2227 1481 2263; x_wconf 85' lang='lat' dir='ltr'>est</span> <span class='ocrx_word' id='word_1_255' title='bbox 1518 2224 1747 2278; x_wconf 84' lang='lat' dir='ltr'>reddenda,</span> <span class='ocrx_word' id='word_1_256' title='bbox 1784 2227 1829 2264; x_wconf 87' lang='lat' dir='ltr'>et</span> 
     </span>
     <span class='ocr_line' id='line_1_50' title="bbox 292 2285 1828 2340; baseline 0.003 -17"><span class='ocrx_word' id='word_1_257' title='bbox 292 2285 404 2337; x_wconf 84' lang='lat' dir='ltr'>quod</span> <span class='ocrx_word' id='word_1_258' title='bbox 438 2285 528 2338; x_wconf 90' lang='lat' dir='ltr'>ipsa</span> <span class='ocrx_word' id='word_1_259' title='bbox 559 2300 703 2326; x_wconf 90' lang='lat' dir='ltr'>rerum</span> <span class='ocrx_word' id='word_1_260' title='bbox 735 2287 1001 2340; x_wconf 84' lang='lat' dir='ltr'>dispensacio</span> <span class='ocrx_word' id='word_1_261' title='bbox 1032 2288 1076 2326; x_wconf 92' lang='lat' dir='ltr'>in</span> <span class='ocrx_word' id='word_1_262' title='bbox 1110 2287 1255 2326; x_wconf 89' lang='lat' dir='ltr'>Divini</span> <span class='ocrx_word' id='word_1_263' title='bbox 1293 2287 1436 2326; x_wconf 87' lang='lat' dir='ltr'>cultus</span> <span class='ocrx_word' id='word_1_264' title='bbox 1472 2291 1757 2340; x_wconf 87' lang='lat' dir='ltr'>augmentum</span> <span class='ocrx_word' id='word_1_265' title='bbox 1784 2291 1828 2328; x_wconf 88' lang='lat' dir='ltr'>et</span> 
     </span>
     <span class='ocr_line' id='line_1_51' title="bbox 293 2349 1828 2405; baseline 0.003 -18"><span class='ocrx_word' id='word_1_266' title='bbox 293 2349 370 2388; x_wconf 76' lang='lat' dir='ltr'>Dei</span> <span class='ocrx_word' id='word_1_267' title='bbox 404 2350 714 2401; x_wconf 87' lang='lat' dir='ltr'>ministrorum,</span> <span class='ocrx_word' id='word_1_268' title='bbox 743 2354 788 2391; x_wconf 86' lang='lat' dir='ltr'>et</span> <span class='ocrx_word' id='word_1_269' title='bbox 818 2352 1040 2404; x_wconf 87' lang='lat' dir='ltr'>potissime</span> <span class='ocrx_word' id='word_1_270' title='bbox 1064 2351 1329 2391; x_wconf 85' lang='lat' dir='ltr'>sacerdotum</span> <span class='ocrx_word' id='word_1_271' title='bbox 1355 2352 1730 2402; x_wconf 83' lang='lat' dir='ltr'>sustent-acionem,</span> <span class='ocrx_word' id='word_1_272' title='bbox 1753 2365 1828 2405; x_wconf 90' lang='lat' dir='ltr'>per</span> 
     </span>
     <span class='ocr_line' id='line_1_52' title="bbox 293 2414 1828 2468; baseline 0.003 -18"><span class='ocrx_word' id='word_1_273' title='bbox 293 2426 475 2464; x_wconf 83' lang='lat' dir='ltr'>quorum</span> <span class='ocrx_word' id='word_1_274' title='bbox 507 2414 827 2454; x_wconf 87' lang='lat' dir='ltr'>immolaciones</span> <span class='ocrx_word' id='word_1_275' title='bbox 858 2418 903 2455; x_wconf 84' lang='lat' dir='ltr'>et</span> <span class='ocrx_word' id='word_1_276' title='bbox 933 2414 1107 2466; x_wconf 88' lang='lat' dir='ltr'>hostias,</span> <span class='ocrx_word' id='word_1_277' title='bbox 1139 2415 1324 2454; x_wconf 89' lang='lat' dir='ltr'>Domino</span> <span class='ocrx_word' id='word_1_278' title='bbox 1353 2414 1629 2467; x_wconf 85' lang='lat' dir='ltr'>complacato,</span> <span class='ocrx_word' id='word_1_279' title='bbox 1656 2419 1828 2468; x_wconf 87' lang='lat' dir='ltr'>peccata</span> 
     </span>
     <span class='ocr_line' id='line_1_53' title="bbox 294 2475 1828 2532; baseline 0.003 -17"><span class='ocrx_word' id='word_1_280' title='bbox 294 2475 519 2516; x_wconf 86' lang='lat' dir='ltr'>hominum</span> <span class='ocrx_word' id='word_1_281' title='bbox 554 2478 837 2518; x_wconf 84' lang='lat' dir='ltr'>dimittuntur</span> <span class='ocrx_word' id='word_1_282' title='bbox 869 2482 914 2519; x_wconf 87' lang='lat' dir='ltr'>et</span> <span class='ocrx_word' id='word_1_283' title='bbox 944 2480 1098 2519; x_wconf 78' lang='lat' dir='ltr'>animae</span> <span class='ocrx_word' id='word_1_284' title='bbox 1131 2478 1368 2528; x_wconf 87' lang='lat' dir='ltr'>solvuntur,</span> <span class='ocrx_word' id='word_1_285' title='bbox 1400 2478 1700 2518; x_wconf 88' lang='lat' dir='ltr'>defunctorum</span> <span class='ocrx_word' id='word_1_286' title='bbox 1733 2493 1828 2532; x_wconf 90' lang='lat' dir='ltr'>pro-</span> 
     </span>
     <span class='ocr_line' id='line_1_54' title="bbox 294 2539 1826 2597; baseline 0.003 -19"><span class='ocrx_word' id='word_1_287' title='bbox 294 2539 457 2579; x_wconf 87' lang='lat' dir='ltr'>fectum</span> <span class='ocrx_word' id='word_1_288' title='bbox 503 2554 588 2580; x_wconf 93' lang='lat' dir='ltr'>non</span> <span class='ocrx_word' id='word_1_289' title='bbox 640 2541 857 2581; x_wconf 85' lang='lat' dir='ltr'>modicum</span> <span class='ocrx_word' id='word_1_290' title='bbox 899 2546 1069 2596; x_wconf 84' lang='lat' dir='ltr'>operat:</span> <span class='ocrx_word' id='word_1_291' title='bbox 1124 2543 1231 2583; x_wconf 89' lang='lat' dir='ltr'>Cum</span> <span class='ocrx_word' id='word_1_292' title='bbox 1272 2543 1406 2597; x_wconf 86' lang='lat' dir='ltr'>igitur</span> <span class='ocrx_word' id='word_1_293' title='bbox 1447 2543 1491 2581; x_wconf 91' lang='lat' dir='ltr'>in</span> <span class='ocrx_word' id='word_1_294' title='bbox 1533 2543 1826 2582; x_wconf 88' lang='lat' dir='ltr'>remissionem</span> 
     </span>
     <span class='ocr_line' id='line_1_55' title="bbox 294 2606 1827 2659; baseline 0.002 -17"><span class='ocrx_word' id='word_1_295' title='bbox 294 2607 565 2656; x_wconf 83' lang='lat' dir='ltr'>peccatorum</span> <span class='ocrx_word' id='word_1_296' title='bbox 602 2618 796 2644; x_wconf 89' lang='lat' dir='ltr'>meorum</span> <span class='ocrx_word' id='word_1_297' title='bbox 833 2606 886 2645; x_wconf 92' lang='lat' dir='ltr'>de</span> <span class='ocrx_word' id='word_1_298' title='bbox 928 2606 1050 2646; x_wconf 89' lang='lat' dir='ltr'>bonis</span> <span class='ocrx_word' id='word_1_299' title='bbox 1090 2607 1198 2647; x_wconf 88' lang='lat' dir='ltr'>meis</span> <span class='ocrx_word' id='word_1_300' title='bbox 1239 2606 1546 2659; x_wconf 85' lang='lat' dir='ltr'>temporalibus</span> <span class='ocrx_word' id='word_1_301' title='bbox 1587 2606 1639 2645; x_wconf 91' lang='lat' dir='ltr'>ad</span> <span class='ocrx_word' id='word_1_302' title='bbox 1681 2606 1827 2645; x_wconf 91' lang='lat' dir='ltr'>Divini</span> 
     </span>
     <span class='ocr_line' id='line_1_56' title="bbox 295 2667 1826 2722; baseline 0.003 -17"><span class='ocrx_word' id='word_1_303' title='bbox 295 2667 493 2707; x_wconf 90' lang='lat' dir='ltr'>Nominis</span> <span class='ocrx_word' id='word_1_304' title='bbox 515 2682 562 2707; x_wconf 83' lang='lat' dir='ltr'>ae</span> <span class='ocrx_word' id='word_1_305' title='bbox 586 2668 752 2708; x_wconf 85' lang='lat' dir='ltr'>Sanctae</span> <span class='ocrx_word' id='word_1_306' title='bbox 766 2673 810 2708; x_wconf 89' lang='lat' dir='ltr'>et</span> <span class='ocrx_word' id='word_1_307' title='bbox 825 2670 1065 2710; x_wconf 77' lang='lat' dir='ltr'>Individuae</span> <span class='ocrx_word' id='word_1_308' title='bbox 1081 2671 1306 2710; x_wconf 86' lang='lat' dir='ltr'>Trinitatis</span> <span class='ocrx_word' id='word_1_309' title='bbox 1320 2669 1639 2720; x_wconf 83' lang='lat' dir='ltr'>exaltacionem,</span> <span class='ocrx_word' id='word_1_310' title='bbox 1656 2670 1826 2722; x_wconf 87' lang='lat' dir='ltr'>cupiam</span> 
     </span>
     <span class='ocr_line' id='line_1_57' title="bbox 294 2731 1827 2785; baseline 0.002 -15"><span class='ocrx_word' id='word_1_311' title='bbox 294 2731 337 2770; x_wconf 91' lang='lat' dir='ltr'>in</span> <span class='ocrx_word' id='word_1_312' title='bbox 362 2732 562 2783; x_wconf 72' lang='lat' dir='ltr'>praesenti</span> <span class='ocrx_word' id='word_1_313' title='bbox 585 2733 809 2785; x_wconf 89' lang='lat' dir='ltr'>disponere</span> <span class='ocrx_word' id='word_1_314' title='bbox 831 2735 881 2772; x_wconf 83' lang='lat' dir='ltr'>ut</span> <span class='ocrx_word' id='word_1_315' title='bbox 902 2733 1170 2774; x_wconf 86' lang='lat' dir='ltr'>fructuosum</span> <span class='ocrx_word' id='word_1_316' title='bbox 1193 2748 1244 2774; x_wconf 85' lang='lat' dir='ltr'>ex</span> <span class='ocrx_word' id='word_1_317' title='bbox 1265 2733 1348 2773; x_wconf 87' lang='lat' dir='ltr'>hiis</span> <span class='ocrx_word' id='word_1_318' title='bbox 1361 2734 1636 2773; x_wconf 84' lang='lat' dir='ltr'>raciocinium</span> <span class='ocrx_word' id='word_1_319' title='bbox 1650 2734 1827 2773; x_wconf 88' lang='lat' dir='ltr'>reddere</span> 
     </span>
     <span class='ocr_line' id='line_1_58' title="bbox 296 2795 1824 2847; baseline 0.001 -13"><span class='ocrx_word' id='word_1_320' title='bbox 296 2795 459 2834; x_wconf 77' lang='lat' dir='ltr'>valeam</span> <span class='ocrx_word' id='word_1_321' title='bbox 482 2797 525 2835; x_wconf 92' lang='lat' dir='ltr'>in</span> <span class='ocrx_word' id='word_1_322' title='bbox 548 2795 710 2847; x_wconf 85' lang='lat' dir='ltr'>futuro,</span> <span class='ocrx_word' id='word_1_323' title='bbox 733 2796 848 2836; x_wconf 81' lang='lat' dir='ltr'>Sciat</span> <span class='ocrx_word' id='word_1_324' title='bbox 869 2798 1125 2838; x_wconf 85' lang='lat' dir='ltr'>universitas</span> <span class='ocrx_word' id='word_1_325' title='bbox 1147 2801 1287 2838; x_wconf 88' lang='lat' dir='ltr'>vestra</span> <span class='ocrx_word' id='word_1_326' title='bbox 1308 2811 1377 2837; x_wconf 88' lang='lat' dir='ltr'>me</span> <span class='ocrx_word' id='word_1_327' title='bbox 1398 2798 1450 2837; x_wconf 90' lang='lat' dir='ltr'>de</span> <span class='ocrx_word' id='word_1_328' title='bbox 1464 2797 1642 2836; x_wconf 88' lang='lat' dir='ltr'>licencia</span> <span class='ocrx_word' id='word_1_329' title='bbox 1663 2797 1824 2837; x_wconf 90' lang='lat' dir='ltr'>domini</span> 
     </span>
     <span class='ocr_line' id='line_1_59' title="bbox 297 2860 1824 2912; baseline 0.002 -15"><span class='ocrx_word' id='word_1_330' title='bbox 297 2860 429 2897; x_wconf 75' lang='lat' dir='ltr'>nostri</span> <span class='ocrx_word' id='word_1_331' title='bbox 456 2860 584 2911; x_wconf 77' lang='lat' dir='ltr'>Regis</span> <span class='ocrx_word' id='word_1_332' title='bbox 607 2860 771 2912; x_wconf 69' lang='lat' dir='ltr'>Angliae</span> <span class='ocrx_word' id='word_1_333' title='bbox 792 2860 987 2911; x_wconf 84' lang='lat' dir='ltr'>illustris,</span> <span class='ocrx_word' id='word_1_334' title='bbox 1008 2863 1263 2901; x_wconf 81' lang='lat' dir='ltr'>auctoritate</span> <span class='ocrx_word' id='word_1_335' title='bbox 1286 2864 1330 2901; x_wconf 88' lang='lat' dir='ltr'>ct</span> <span class='ocrx_word' id='word_1_336' title='bbox 1346 2875 1554 2901; x_wconf 85' lang='lat' dir='ltr'>consensu</span> <span class='ocrx_word' id='word_1_337' title='bbox 1569 2860 1824 2900; x_wconf 78' lang='lat' dir='ltr'>venerabilis</span> 
     </span>
     <span class='ocr_line' id='line_1_60' title="bbox 299 2924 1823 2980; baseline 0.003 -19"><span class='ocrx_word' id='word_1_338' title='bbox 299 2924 431 2976; x_wconf 76' lang='lat' dir='ltr'>patris</span> <span class='ocrx_word' id='word_1_339' title='bbox 455 2925 615 2964; x_wconf 78' lang='lat' dir='ltr'>domini</span> <span class='ocrx_word' id='word_1_340' title='bbox 640 2925 861 2975; x_wconf 72' lang='lat' dir='ltr'>willelmi,</span> <span class='ocrx_word' id='word_1_341' title='bbox 886 2925 961 2966; x_wconf 83' lang='lat' dir='ltr'>Dei</span> <span class='ocrx_word' id='word_1_342' title='bbox 995 2927 1134 2980; x_wconf 79' lang='lat' dir='ltr'>gracia</span> <span class='ocrx_word' id='word_1_343' title='bbox 1158 2927 1282 2966; x_wconf 83' lang='lat' dir='ltr'>Ebor.</span> <span class='ocrx_word' id='word_1_344' title='bbox 1306 2924 1636 2979; x_wconf 55' lang='lat' dir='ltr'>Archiopiwopi,</span> <span class='ocrx_word' id='word_1_345' title='bbox 1659 2925 1823 2979; x_wconf 80' lang='lat' dir='ltr'>Angliae</span> 
     </span>
    </p>
   </div>
  </div>
 </body>
</html>
