1915 3068
69 132 130 182 76

69 649 162 679 Trees
176 649 209 678 in

68 690 200 718 church-

68 730 166 767 yards
181 730 236 757 not

70 771 102 796 to
118 768 154 796 bc
168 771 222 796 cut

68 807 169 844 down,

781 155 1057 189 MEMORIALS
1091 156 1150 190 OF
1184 157 1343 191 RIPON.

301 263 631 318 promulgantur
643 267 798 321 capita,
815 280 997 321 quorum
1010 281 1148 308 unum
1165 271 1232 309 est
1244 269 1298 309 de
1310 268 1530 308 arboribus
1543 268 1832 309 crescentibus

301 326 346 366 in
368 331 629 381 coemeterio,
651 334 733 371 etc.
754 331 941 372 alterum
963 332 1016 372 de
1035 333 1219 386 pecunia
1239 346 1438 373 concessa
1457 346 1533 386 pro
1563 333 1831 387 reparatione

301 391 594 445 ecclesiarum,
618 393 723 451 etc.]

389 510 454 551 De
484 511 719 554 arboribus
760 512 1048 555 crescentibus
1079 512 1134 556 iu
1164 513 1404 556 caemeterio
1437 512 1721 555 ecclesiarum
1751 527 1829 555 seu

303 573 595 629 capellarum.
1607 615 1609 621 .

392 640 445 679 In
466 641 548 680 Dei
568 642 756 691 nomine,
778 642 930 692 Arnen,
953 642 1156 690 Quamvis
1187 643 1414 682 institutis
1445 642 1659 682 canonicis
1682 642 1739 682 sit
1760 655 1833 681 ex-

303 718 514 756 pressum,
536 707 649 759 quod
670 707 789 746 laicis
812 707 865 746 de
886 707 1013 746 rebus
1036 708 1335 747 ecclesiasticis
1358 711 1401 747 et
1426 707 1636 760 religiosis
1657 720 1835 760 quomo-

304 769 468 809 dolibet
501 770 759 823 disponendi
792 771 914 810 nulla
946 772 1003 811 sit
1033 772 1209 825 penitus
1241 772 1453 811 attributa
1483 771 1696 819 facultas3
1728 784 1835 823 quos

303 833 565 886 obsequendi
586 838 735 874 monet
756 835 1002 885 necessitas,
1025 849 1111 874 non
1125 836 1357 875 auctoritas
1370 835 1612 888 imperandi
1630 849 1642 883 3
1673 834 1834 874 multos

302 899 450 936 tamen
471 898 757 937 ecclesiastica
772 897 872 951 jura
893 898 1045 938 latent.
1106 900 1193 938 Alii
1214 913 1313 939 vero
1336 899 1526 938 ecclesiis
1548 902 1592 938 et
1614 898 1834 938 ecclesias-

300 961 399 1000 ticis
420 962 624 1014 personis,
648 962 729 1001 Dei
750 962 905 1001 timore
926 963 1163 1015 postposito
1184 961 1307 1016 (prob
1334 963 1451 1002 dolor
1469 962 1501 1017 Σ)
1516 963 1671 1015 oppido
1684 961 1833 1001 infesti

303 1027 419 1074 sunt,
434 1025 538 1065 adeo
552 1029 602 1064 ut
611 1024 710 1079 jura
723 1026 1007 1066 ecclesiastica
1019 1040 1105 1066 non
1118 1026 1367 1076 formident,
1382 1027 1427 1066 in
1443 1041 1528 1066 suae
1545 1026 1833 1066 damnationis

302 1089 635 1140 incrementum,
670 1103 890 1143 usurpare.
952 1090 1040 1130 Nos
1072 1091 1209 1145 igitur
1245 1091 1519 1140 V‘illielmus,
1550 1090 1832 1143 permissione

303 1153 449 1192 divina
478 1154 668 1193 Eborum
690 1153 1059 1207 Archiepiscopus,
1080 1155 1246 1209 Angliae
1267 1156 1441 1208 primas,
1463 1155 1537 1208 qui
1559 1154 1831 1194 ecclesiarum

302 1220 449 1256 nostro
478 1217 682 1270 regimini
712 1218 1036 1258 commissarum
1072 1218 1172 1272 jura
1203 1222 1248 1258 et
1278 1219 1592 1269 immunitates,
1625 1232 1677 1258 ex
1707 1217 1833 1257 officii

302 1281 439 1320 nostri
460 1281 620 1331 debito,
642 1295 889 1322 conservare
910 1285 1110 1322 tenemur
1131 1296 1207 1336 pro
1228 1283 1405 1333 viribus,
1422 1297 1469 1323 ac
1485 1283 1625 1331 tueri3
1657 1282 1710 1322 de
1732 1295 1833 1321 con-

304 1358 433 1384 sensu
454 1345 633 1398 capituli
653 1346 789 1385 nostri
810 1346 1087 1386 Eboracensis
1108 1346 1282 1399 provide
1304 1346 1505 1387 duximus
1538 1345 1833 1395 statuendum,

304 1421 359 1448 ne
397 1409 494 1461 quis
527 1409 661 1448 laicus
688 1409 871 1460 arbores,
901 1423 976 1449 seu
1008 1408 1198 1460 herbam,
1223 1410 1271 1450 in
1305 1411 1549 1451 coemeterio
1581 1412 1834 1459 crescentes,

304 1492 510 1527 violentiam
543 1492 672 1538 absque
700 1504 871 1528 consensu
903 1505 965 1528 seu
997 1493 1224 1528 conniventia
1256 1494 1396 1540 praelati
1427 1493 1497 1529 loci
1523 1506 1565 1528 ea
1591 1494 1748 1528 detineat
1776 1503 1835 1527 oc—

303 1549 457 1591 cupata;
491 1544 581 1588 illos,
615 1545 676 1590 qui
711 1546 1025 1591 sequestrationem
1059 1546 1210 1581 scienter
1243 1546 1286 1581 de
1319 1551 1447 1581 caetero
1480 1546 1628 1589 violant,
1657 1544 1834 1580 consimili

302 1597 481 1632 sententia
504 1596 736 1632 involventes.
786 1598 924 1632 Eadem
949 1598 1125 1633 sententia
1150 1598 1258 1633 etiam
1282 1610 1404 1633 omnes
1427 1599 1507 1633 illos
1530 1599 1752 1640 innodamus,
1770 1596 1833 1642 qui

304 1649 473 1683 mandata
505 1649 602 1694 regia
636 1661 697 1695 pro
731 1650 933 1684 coercendis
973 1650 1291 1685 excommunicatis
1325 1662 1346 1685 a
1378 1650 1596 1696 quibuslibet
1628 1650 1833 1696 impetrata,

302 1701 421 1746 gratia
447 1701 504 1735 vel
539 1701 620 1736 odio
657 1701 810 1748 alicujus
834 1714 1007 1748 personae,
1033 1714 1096 1737 seu
1124 1703 1196 1737 alia
1228 1715 1335 1738 causa
1369 1703 1494 1749 exequi
1525 1703 1699 1738 malitiose
1730 1701 1833 1736 diffe-

302 1758 388 1788 runt
412 1754 470 1788 vel
495 1754 643 1788 evitant.
693 1754 823 1788 Omnes
850 1755 958 1790 etiam
987 1755 1243 1799 incendiarios5
1274 1755 1499 1790 ecclesiarum
1524 1756 1704 1798 fractores,
1726 1765 1832 1788 vene-

302 1806 387 1840 ficos
414 1806 466 1850 (et
493 1805 640 1851 magicis
664 1806 966 1841 incantationibus
993 1812 1145 1851 utentes,
1171 1808 1368 1843 eta—MS.
1395 1807 1478 1842 Gul.
1497 1808 1610 1853 Noye,
1627 1806 1768 1852 armig.)
1794 1809 1832 1839 et

302 1858 502 1902 veneficas3
537 1863 707 1893 vacantes
730 1859 1064 1905 imprecationibus3
1099 1871 1233 1905 magos,
1259 1865 1294 1894 et
1319 1860 1396 1895 haec
1422 1860 1497 1894 fieri
1521 1863 1771 1906 procurantes3
1796 1862 1832 1892 et

303 1910 365 1956 qui
382 1910 826 1946 immunitatem-ecclesiae
852 1912 1075 1955 violaverint,
1094 1912 1349 1947 denunciamus
1365 1912 1739 1947 excommunicationis
1755 1922 1833 1946 sen-

302 1962 455 1996 tentiam
472 1963 648 1998 incurrere
665 1963 741 2010 ipso
758 1964 866 1998 facto.
916 1965 972 1999 41.
999 1964 1235 1999 Prohibemus
1259 1965 1380 2007 etiam,
1397 1977 1440 1999 ne
1460 1962 1833 1999 excommunicationis

304 2015 479 2049 sententia
508 2027 571 2061 pro
601 2016 740 2050 damnis
771 2017 827 2051 vel
856 2016 994 2063 injuriis
1027 2017 1228 2063 proferatur
1261 2017 1296 2052 in
1323 2029 1460 2063 genere,
1486 2017 1647 2064 quotiens
1675 2014 1834 2062 dignosci

304 2067 449 2113 poterit,
475 2067 553 2113 quis
578 2069 745 2102 adversus
770 2081 874 2114 quem
899 2069 1030 2103 habeat
1055 2069 1242 2113 actionem,
1268 2069 1335 2104 nisi
1367 2070 1509 2104 evidens
1535 2070 1672 2105 utilitas
1703 2069 1740 2103 id
1773 2079 1834 2102 ex-

304 2123 452 2165 poscat3
477 2120 827 2155 excommunicamus
852 2121 961 2155 etiam
986 2133 1106 2156 omnes
1130 2121 1222 2166 illos,
1245 2122 1306 2168 qui
1331 2122 1402 2157 odii
1427 2122 1483 2157 vel
1507 2122 1596 2156 lucri
1621 2132 1728 2156 causa
1752 2120 1833 2155 aliis

303 2171 451 2205 crimina
469 2171 559 2206 falsa
576 2172 776 2218 imponunt,
793 2185 857 2219 pro
874 2173 1001 2219 quibus
1018 2185 1124 2217 mors,
1140 2174 1194 2208 vel
1213 2175 1370 2218 exilium,
1388 2178 1452 2208 aut
1468 2173 1707 2208 membrorum
1724 2172 1833 2207 muti-

306 2224 408 2267 latio,
435 2224 492 2258 vel
517 2224 770 2269 exhaeredatio,
795 2237 856 2259 seu
880 2225 1052 2260 bonorum
1079 2226 1272 2272 expoliatio
1298 2225 1394 2272 sequi
1419 2226 1556 2268 debeat,
1572 2226 1600 2260 si
1613 2225 1832 2272 judicialiter

302 2275 568 2311 convincantur.
618 2277 782 2323 Istasque
799 2277 978 2322 generales
994 2278 1186 2313 sententias
1210 2278 1248 2312 in
1273 2278 1419 2324 singulis
1443 2277 1704 2324 parochialibus
1720 2277 1830 2312 eccle-

304 2328 367 2362 siis
392 2340 454 2374 per
478 2340 599 2363 earum
624 2330 836 2373 sacerdotes,
866 2329 932 2364 sub
969 2341 1073 2376 poena
1109 2331 1355 2377 suspensionis,
1382 2330 1607 2377 praecipimus
1635 2334 1760 2376 quater
1791 2329 1829 2364 in

305 2392 398 2415 anno
415 2381 538 2425 lingua
563 2386 723 2416 materna
747 2381 922 2428 publicari
946 2383 1179 2429 parochianis,
1197 2388 1232 2418 et
1250 2389 1369 2430 aperte
1384 2396 1392 2426 ;
1419 2383 1584 2418 videlicet
1601 2382 1776 2418 dominica
1793 2381 1829 2416 in

304 2433 460 2467 adventu
478 2433 632 2477 Domini,
650 2435 828 2469 dominica
853 2435 889 2468 in
914 2435 1030 2470 medio
1054 2436 1346 2482 quadragesimae,
1364 2435 1541 2471 dominica
1565 2435 1726 2482 proxima
1746 2438 1830 2468 ante

304 2484 436 2518 festum
456 2489 530 2520 nat.
548 2486 724 2520 Johannis
749 2487 855 2533 Bapt.
874 2491 910 2521 et
928 2487 1104 2522 dominica
1129 2488 1292 2534 proxima
1318 2494 1400 2522 ante
1424 2488 1554 2522 festum
1580 2488 1615 2522 S.
1634 2486 1830 2522 Michaelis.

306 2537 379 2578 Qui
396 2549 481 2572 vero
499 2537 544 2572 ad
563 2538 838 2573 defamationem
864 2539 1010 2574 alterius
1033 2540 1118 2586 quid
1143 2541 1320 2587 proponit,
1338 2541 1431 2586 quod
1457 2552 1571 2575 mores
1591 2540 1746 2585 sugillet,
1763 2538 1831 2572 nisi

305 2589 371 2623 hoc
401 2589 548 2635 probare
575 2591 740 2635 voluerit,
765 2591 932 2626 canonice
957 2592 1150 2638 puniatur3
1180 2597 1217 2627 et
1241 2593 1292 2627 ita
1316 2593 1483 2638 injuriam
1507 2604 1610 2639 passo
1636 2603 1699 2638 pro
1724 2591 1830 2625 modo

304 2641 421 2687 culpae
456 2641 655 2677 satisfacere
687 2643 933 2689 compellatur.
992 2644 1085 2679 Haec
1115 2649 1233 2679 autem
1261 2645 1416 2679 salubria
1443 2649 1590 2688 statuta,
1619 2644 1656 2678 in
1684 2643 1831 2689 singulis

305 2693 538 2728 decanatibus
563 2695 732 2740 proximis
756 2695 922 2741 capitulis
946 2701 1026 2742 post
1050 2697 1207 2742 singulos
1232 2698 1386 2743 synodos
1402 2697 1606 2739 recitentur,
1622 2700 1659 2731 et
1675 2707 1736 2742 per
1752 2695 1832 2730 illos

305 2745 365 2790 qui
392 2746 559 2792 capitulis
583 2747 763 2792 praeerint,
788 2747 824 2781 in
849 2748 998 2792 singulis
1023 2749 1183 2783 articulis
1207 2753 1443 2796 exponantur,
1460 2754 1496 2783 et
1513 2749 1557 2783 ad
1575 2760 1697 2783 eorum
1714 2747 1832 2782 obser-

305 2797 465 2832 vantiam
483 2810 544 2843 per
562 2810 746 2833 censuram
764 2799 1038 2834 ecclesiasticam
1055 2801 1184 2845 singuli
1202 2801 1399 2836 districtius
1422 2801 1687 2847 compellantur.
1737 2800 1829 2834 Haec

305 2855 437 2893 autem,
462 2854 498 2884 et
524 2863 544 2884 a
570 2851 716 2895 singulis
741 2852 943 2886 libertatem
969 2854 1271 2899 praetendentibus
1294 2853 1491 2889 districtius
1515 2852 1705 2896 observari,
1729 2856 1766 2887 et
1788 2852 1825 2887 in

303 2901 375 2935 suis
392 2903 556 2948 capitulis
573 2904 746 2949 publicari
764 2905 936 2940 volumus.
