1955 3068
108 122 134 168 [Ο

141 123 168 168 [ὗ

75 581 142 602 As).
162 574 246 603 1367.

76 629 165 658 will.
183 630 219 658 de

77 668 202 697 Scotton
220 671 252 697 to

76 708 128 736 the
142 708 253 736 viears.

76 961 229 991 Cornhill.

76 1026 229 1056 Common

75 1065 169 1094 bake-

76 1105 179 1134 house.

77 1408 151 1438 Obit
167 1418 206 1437 on

78 1448 152 1477 Feb.
170 1450 195 1478 1.

78 1731 123 1760 To
139 1731 192 1760 the

77 1772 116 1799 ch
122 1771 195 1800 ιιι-611
203 1770 278 1799 bell-

78 1811 196 1848 ringer‚
208 1811 257 1839 4d.

80 1986 124 2015 To
140 1986 193 2015 the

80 2028 164 2054 town
181 2025 256 2054 bell-

79 2073 163 2097 man,
178 2065 226 2092 2d.

81 2118 189 2149 Powel·
204 2123 238 2150 to

80 2159 223 2189 distrain.

789 139 1065 173 MEMORIALS
1100 141 1158 173 OF
1194 141 1353 173 RIPON.

371 281 451 317 XL.
479 282 808 318 FOUNDATION
837 283 899 318 OF
928 284 1041 319 ΟΒΙΤ
1067 284 1128 319 OF
1155 285 1306 320 ADAM
1332 285 1399 319 DE
1425 284 1642 320 SOOTTON
1669 284 1776 319 AND

968 342 1176 377 OTHERS.

769 422 954 465 (RIPON
992 421 1234 457 OHAPTER
1270 423 1382 469 MS.)

888 497 925 531 A
943 497 975 531 B
1000 497 1040 541 O,
1059 507 1149 542 mc„
1166 507 1209 532 To
1232 497 1271 532 T.

399 567 546 608 Sciant
570 572 802 621 praesentes
835 571 879 607 et
910 567 1061 618 futuri,
1084 568 1197 622 quod
1219 582 1297 622 ego
1318 568 1563 608 Willelmus
1586 569 1638 609 de
1661 568 1838 609 Scotton

309 631 362 671 de
385 632 537 685 Ripon’
558 633 672 683 dedi,
695 632 897 681 concessi,
929 636 973 671 et
1004 631 1082 671 hac
1114 633 1315 685 praesenti
1346 637 1462 672 carta
1491 646 1587 672 mea
1616 633 1840 672 indentata

310 697 558 735 confirmavi
592 697 778 735 Henrico
809 697 862 736 de
893 696 1145 749 Plumpton,
1177 697 1364 736 Roberto
1385 697 1620 750 Vergeous,
1652 695 1840 736 Johanni

310 760 363 800 de
386 760 438 798 W
441 759 744 814 alkynghame,
767 760 947 800 Ricardo
979 761 1031 800 de
1052 760 1292 811 Wakefield,
1314 760 1341 800 J
1344 759 1502 800 ohanni
1535 761 1588 800 de
1620 759 1763 813 Clynt,
1795 763 1841 799 61,

311 824 491 864 Ricardo
542 825 595 865 de
637 824 845 875 Blaktoft,
888 825 1053 864 vicariis
1105 825 1293 865 ecclesiae
1335 825 1490 878 Ripon,
1531 828 1674 864 totum
1715 824 1840 863 illum

310 889 577 942 mesuagium
599 902 700 928 cum
722 889 809 928 suis
831 889 1110 942 pertinenciis
1132 889 1245 942 quod
1271 888 1390 942 jacet
1410 890 1455 928 in
1478 888 1630 941 Ripon’
1653 901 1779 941 super
1800 887 1841 927 le

310 951 500 993 Cornhill
522 954 634 993 inter
655 953 913 1007 burgagium
940 952 1137 993 Nicholai
1169 953 1341 992 Hubert,
1363 967 1413 993 ex
1434 956 1616 1005 utraque
1638 956 1774 1006 parte,
1796 955 1842 990 et

308 1016 510 1056 abbuttat
541 1031 668 1070 super
699 1017 740 1056 16
772 1015 1150 1057 comonebakhows
1182 1017 1346 1057 domini
1370 1015 1684 1069 Archiepiscopi
1713 1015 1839 1054 Ebor.

308 1080 494 1129 ibidem3
526 1081 765 1121 tenendum
787 1084 832 1120 et
853 1079 1098 1120 habendum
1118 1085 1261 1121 totum
1281 1081 1534 1134 praedictum
1549 1079 1841 1133 messuagium

307 1159 406 1184 cum
449 1146 536 1185 suis
576 1145 871 1198 pertinenciis,
913 1145 1126 1198 praedictis
1168 1145 1370 1195 Henrico,
1403 1145 1430 1185 J
1434 1143 1607 1194 ohanni‚
1641 1143 1840 1192 Roberto,

309 1209 504 1259 Ricardo,
542 1209 568 1249 J
572 1208 745 1258 ohanni,
778 1212 822 1248 et
862 1209 1058 1259 Ricardo,
1100 1212 1146 1249 et
1187 1209 1496 1248 successoribus
1538 1208 1625 1248 suis
1656 1207 1841 1257 vicariis,

307 1274 454 1324 libere,
486 1275 647 1328 quiete,
679 1275 864 1327 integre,
896 1274 1020 1325 bene,
1053 1277 1098 1314 et
1128 1275 1174 1314 in
1205 1288 1321 1327 pace,
1355 1277 1399 1313 61
1429 1274 1765 1326 imperpetuum,
1788 1272 1841 1311 de

308 1337 482 1390 capitali
502 1338 676 1378 domino
697 1336 811 1377 feodi
831 1337 947 1377 illius
969 1351 1045 1390 per
1077 1339 1252 1377 servicia
1281 1338 1382 1377 inde
1413 1337 1558 1377 debita
1590 1339 1634 1375 et
1664 1336 1717 1375 de
1743 1335 1841 1388 jure

310 1405 528 1442 consueta.
588 1401 645 1441 Et
664 1401 673 1424 ¹
707 1401 892 1441 faciend.
915 1415 1052 1441 unum
1078 1402 1246 1441 obitum
1268 1401 1449 1455 singulis
1471 1401 1594 1440 annis
1615 1401 1752 1453 primo
1773 1399 1842 1438 die

311 1466 471 1505 mensis
494 1466 716 1506 Februarii
738 1465 849 1505 infra
870 1464 1048 1505 chorum
1080 1466 1268 1505 ecclesiae
1290 1465 1443 1519 Ripon'
1464 1479 1562 1504 cum
1583 1461 1766 1504 Placebo
1798 1466 1843 1502 61,

312 1527 469 1582 Diriye
489 1528 564 1574 (de
584 1543 741 1569 novem
764 1527 1044 1580 leccionibus,
1068 1533 1105 1570 et
1119 1543 1222 1570 cam
1243 1528 1363 1584 una)
1380 1529 1389 1552 ¹
1409 1529 1540 1568 missa
1561 1528 1613 1568 de
1632 1527 1842 1580 Requiem

312 1607 388 1647 pro
409 1594 633 1634 animabus
655 1594 758 1633 Adae
783 1593 836 1633 de
869 1593 1046 1633 Scotton
1067 1594 1200 1647 patris
1232 1594 1332 1643 mei,
1356 1596 1400 1633 et
1421 1592 1568 1632 Aliciae
1589 1592 1641 1631 de
1666 1591 1841 1631 Scotton

312 1658 462 1697 matris
497 1671 618 1707 meae,
651 1661 696 1697 et
726 1657 949 1696 animabus
977 1658 1172 1697 omnium
1203 1657 1399 1696 fidelium
1430 1656 1730 1696 defunctorum
1762 1655 1843 1694 im-

312 1725 582 1774 perpetuum.
645 1721 703 1760 Et
725 1721 912 1761 solvend.
936 1721 1136 1761 similiter
1155 1722 1379 1761 annuatim
1392 1721 1594 1774 praedicto
1615 1719 1751 1773 primo
1773 1718 1843 1757 die

313 1786 473 1825 mensis
514 1785 753 1835 Februarii,
796 1784 823 1825 J
826 1784 985 1824 ohanni
1037 1786 1089 1825 de
1130 1784 1318 1825 Marton'
1358 1784 1614 1838 mergulario
1655 1782 1842 1823 ecclesiae

313 1849 468 1903 Ripon,
482 1849 675 1903 pulsanti
693 1862 917 1902 campanas
940 1849 992 1889 ad
1014 1850 1182 1889 obitum
1198 1849 1450 1902 praedictum
1467 1849 1541 1901 qui
1557 1861 1633 1900 pro
1649 1850 1842 1899 tempore

313 1913 459 1965 fuerit,
482 1918 526 1954 et
549 1913 862 1953 successoribus
885 1914 988 1964 suis,
1011 1918 1194 1967 quatuor
1215 1914 1356 1953 denar.
1374 1913 1558 1967 argenti.
1596 1912 1653 1950 Et
1669 1909 1843 1950 Thomae

315 1978 504 2028 Burdon,
528 1976 735 2017 Bellmcm
757 1977 868 2017 villae
891 1977 1044 2030 Ripon’
1076 1978 1151 2031 qui
1182 1991 1258 2031 pro
1289 1980 1482 2030 tempore
1504 1975 1650 2025 fuerit,
1673 1979 1718 2014 et
1750 1988 1842 2014 suc-

313 2042 549 2081 cessoribus
574 2043 676 2092 suis,
697 2042 802 2081 duos
835 2041 981 2082 denar.
1010 2042 1180 2095 argenti
1212 2042 1413 2094 praedicto
1434 2042 1571 2094 primo
1592 2040 1661 2079 die
1683 2039 1843 2078 mensis

315 2105 551 2155 Februarii,
574 2106 911 2158 imperpetuum.
974 2106 1030 2144 Et
1052 2106 1086 2144 si
1108 2106 1333 2144 continuat
1355 2104 1606 2157 praedictum
1626 2102 1843 2142 redditum

314 2173 498 2222 quatuor
514 2169 787 2209 denariorum
805 2172 849 2208 et¹
866 2169 1119 2221 praedictum
1136 2169 1356 2208 redditum
1371 2168 1553 2207 duorum
1570 2167 1843 2206 denariorum

314 2247 339 2273 a
355 2237 469 2273 retro
486 2247 577 2273 esse
592 2234 637 2272 in
655 2237 776 2286 parte
795 2232 862 2271 vel
878 2233 923 2271 in
939 2235 1032 2271 toto
1048 2232 1098 2271 ad
1117 2232 1305 2285 aliquem
1322 2232 1574 2279 terminum,
1589 2230 1698 2270 bene
1715 2230 1844 2269 liceat

315 2297 530 2351 praedictis
552 2297 578 2337 J
582 2295 742 2337 ohanni
759 2301 805 2336 61,
821 2295 995 2337 Thomae
1013 2300 1057 2336 et
1073 2294 1226 2351 (alteri
1242 2309 1395 2335 eorum
1412 2296 1483 2348 ac)
1499 2295 1513 2317 ²
1531 2294 1843 2334 successoribus

317 2362 404 2401 suis
426 2362 471 2400 in
493 2362 695 2414 praedict-o
725 2361 947 2414 mesuagio
968 2374 1066 2399 cum
1099 2361 1185 2400 suis
1207 2359 1483 2413 pertinenciis
1506 2358 1778 2411 distringere,
1800 2360 1846 2396 ct

316 2426 609 2464 districciones
650 2426 834 2464 retinere
875 2437 1097 2477 quousque
1132 2425 1183 2463 dc
1217 2424 1420 2476 praedicto
1456 2421 1627 2461 redditu
1663 2425 1845 2474 quatuor

317 2488 590 2528 denariorum
614 2491 658 2528 et,
680 2488 882 2540 praedicto
904 2487 1076 2526 redditu
1098 2487 1278 2526 duorum
1311 2487 1582 2526 denariorum
1604 2499 1702 2524 cum
1734 2497 1846 2524 arre-

317 2552 461 2605 ragiis,
485 2553 517 2590 si
541 2565 634 2605 quae
657 2551 835 2601 fuerint,
857 2551 1046 2603 plenarie
1074 2551 1203 2591 fuerit¹
1226 2550 1506 2590 satisfactum.
1569 2549 1625 2588 Et
1647 2562 1726 2602 ego
1748 2561 1846 2587 vero

318 2616 548 2668 praedictus
570 2615 813 2654 willelmus
836 2618 880 2653 61
901 2613 1091 2654 haerodes
1118 2615 1216 2663 mei,
1238 2618 1378 2654 totum
1410 2613 1659 2667 praedictum
1682 2625 1848 2651 mesua-

322 2680 444 2733 gium
466 2693 564 2718 cum
588 2679 675 2718 suis
698 2678 975 2731 pertinenciis
998 2678 1186 2731 praefatis
1209 2679 1409 2728 Henrico,
1424 2677 1623 2725 Roberto,
1645 2676 1671 2717 J
1675 2674 1846 2724 ohanni,

321 2743 516 2792 Ricardo,
559 2741 761 2792 Johanni,
803 2745 848 2781 et
889 2741 1084 2790 Ricardo,
1118 2745 1162 2781 et
1204 2741 1515 2781 successoribus
1559 2740 1645 2779 suis
1681 2739 1848 2778 vicariis

323 2806 581 2846 facientibus
613 2806 780 2846 obitum
813 2805 1061 2858 praedictum
1095 2809 1139 2845 et
1181 2805 1443 2845 solventibus
1483 2804 1702 2844 redditum
1743 2817 1848 2856 prae-

418 2890 473 2934 (l)
503 2889 658 2924 NVrittcn
687 2901 769 2923 over
786 2901 943 2924 erasures
961 2902 1000 2923 or
1018 2889 1053 2923 in
1074 2889 1222 2933 margin.
1453 2889 1507 2929 (⁶2)
1538 2887 1738 2921 Iutcrlined.
