<?xml version="1.0" encoding="UTF-8"?>
<!DOCTYPE html PUBLIC "-//W3C//DTD XHTML 1.0 Transitional//EN"
    "http://www.w3.org/TR/xhtml1/DTD/xhtml1-transitional.dtd">
<html xmlns="http://www.w3.org/1999/xhtml" xml:lang="en" lang="en">
 <head>
  <title>
</title>
<meta http-equiv="Content-Type" content="text/html;charset=utf-8" />
  <meta name='ocr-system' content='tesseract 3.04.00' />
  <meta name='ocr-capabilities' content='ocr_page ocr_carea ocr_par ocr_line ocrx_word'/>
</head>
<body>
  <div class='ocr_page' id='page_1' title='image "./memorialsofchurc01fowl/memorialsofchurc01fowl_0348.png"; bbox 0 0 1935 3151; ppageno 0'>
   <div class='ocr_carea' id='block_1_1' title="bbox 127 155 219 201">
    <p class='ocr_par' dir='ltr' id='par_1_1' title="bbox 127 155 219 201">
     <span class='ocr_line' id='line_1_1' title="bbox 127 155 219 201; baseline -0.011 0"><span class='ocrx_word' id='word_1_1' title='bbox 127 155 219 201; x_wconf 74' lang='lat'>324</span> 
     </span>
    </p>
   </div>
   <div class='ocr_carea' id='block_1_2' title="bbox 126 417 324 534">
    <p class='ocr_par' dir='ltr' id='par_1_2' title="bbox 126 417 324 534">
     <span class='ocr_line' id='line_1_2' title="bbox 126 417 316 454; baseline -0.005 -8"><span class='ocrx_word' id='word_1_2' title='bbox 126 417 191 446; x_wconf 75' lang='lat' dir='ltr'>&#39;rho</span> <span class='ocrx_word' id='word_1_3' title='bbox 206 417 316 454; x_wconf 75' lang='lat' dir='ltr'>spring</span> 
     </span>
     <span class='ocr_line' id='line_1_3' title="bbox 127 457 324 485; baseline 0 0"><span class='ocrx_word' id='word_1_4' title='bbox 127 457 160 485; x_wconf 84' lang='lat' dir='ltr'>of</span> <span class='ocrx_word' id='word_1_5' title='bbox 173 457 324 485; x_wconf 55' lang='grc'><strong>,4151111111-</strong></span> 
     </span>
     <span class='ocr_line' id='line_1_4' title="bbox 128 495 236 534; baseline 0.009 -10"><span class='ocrx_word' id='word_1_6' title='bbox 128 495 236 534; x_wconf 71' lang='lat' dir='ltr'>derby.</span> 
     </span>
    </p>
   </div>
   <div class='ocr_carea' id='block_1_3' title="bbox 128 925 304 993">
    <p class='ocr_par' dir='ltr' id='par_1_3' title="bbox 128 925 304 993">
     <span class='ocr_line' id='line_1_5' title="bbox 129 925 304 954; baseline -0.006 0"><span class='ocrx_word' id='word_1_7' title='bbox 129 925 304 954; x_wconf 77' lang='lat' dir='ltr'>Parminter</span> 
     </span>
     <span class='ocr_line' id='line_1_6' title="bbox 128 964 294 993; baseline -0.006 0"><span class='ocrx_word' id='word_1_8' title='bbox 128 974 162 993; x_wconf 86' lang='lat' dir='ltr'>or</span> <span class='ocrx_word' id='word_1_9' title='bbox 178 964 269 993; x_wconf 76' lang='lat' dir='ltr'>tailor</span> <span class='ocrx_word' id='word_1_10' title='bbox 281 965 294 992; x_wconf 66' lang='grc' dir='ltr'><em>ἲ</em></span> 
     </span>
    </p>
   </div>
   <div class='ocr_carea' id='block_1_4' title="bbox 128 1188 322 1219">
    <p class='ocr_par' dir='ltr' id='par_1_4' title="bbox 128 1188 322 1219">
     <span class='ocr_line' id='line_1_7' title="bbox 128 1188 322 1219; baseline 0.01 -2"><span class='ocrx_word' id='word_1_11' title='bbox 128 1188 322 1219; x_wconf 72' lang='lat' dir='ltr'>Broc-landis.</span> 
     </span>
    </p>
   </div>
   <div class='ocr_carea' id='block_1_5' title="bbox 125 1567 256 1675">
    <p class='ocr_par' dir='ltr' id='par_1_5' title="bbox 125 1567 256 1675">
     <span class='ocr_line' id='line_1_8' title="bbox 126 1567 254 1597; baseline 0.016 -2"><span class='ocrx_word' id='word_1_12' title='bbox 126 1567 254 1597; x_wconf 61' lang='grc'><strong>11311110-</strong></span> 
     </span>
     <span class='ocr_line' id='line_1_9' title="bbox 125 1611 256 1644; baseline 0.023 -12"><span class='ocrx_word' id='word_1_13' title='bbox 125 1611 209 1644; x_wconf 68' lang='lat' dir='ltr'>potes</span> <span class='ocrx_word' id='word_1_14' title='bbox 223 1617 256 1636; x_wconf 83' lang='lat'>01·</span> 
     </span>
     <span class='ocr_line' id='line_1_10' title="bbox 127 1646 252 1675; baseline 0.008 -1"><span class='ocrx_word' id='word_1_15' title='bbox 127 1646 252 1675; x_wconf 59' lang='grc'><strong>113111111-</strong></span> 
     </span>
    </p>
   </div>
   <div class='ocr_carea' id='block_1_6' title="bbox 124 1690 220 1722">
    <p class='ocr_par' dir='ltr' id='par_1_6' title="bbox 124 1690 220 1722">
     <span class='ocr_line' id='line_1_11' title="bbox 124 1690 220 1722; baseline 0.042 -11"><span class='ocrx_word' id='word_1_16' title='bbox 124 1690 220 1722; x_wconf 78' lang='lat' dir='ltr'>potes.</span> 
     </span>
    </p>
   </div>
   <div class='ocr_carea' id='block_1_7' title="bbox 126 1854 275 1883">
    <p class='ocr_par' dir='ltr' id='par_1_7' title="bbox 126 1854 275 1883">
     <span class='ocr_line' id='line_1_12' title="bbox 126 1854 275 1883; baseline 0.007 -1"><span class='ocrx_word' id='word_1_17' title='bbox 126 1854 275 1883; x_wconf 74' lang='lat' dir='ltr'>Benehill.</span> 
     </span>
    </p>
   </div>
   <div class='ocr_carea' id='block_1_8' title="bbox 128 2348 253 2423">
    <p class='ocr_par' dir='ltr' id='par_1_8' title="bbox 128 2348 253 2423">
     <span class='ocr_line' id='line_1_13' title="bbox 129 2348 253 2381; baseline -0.024 -5"><span class='ocrx_word' id='word_1_18' title='bbox 129 2348 253 2381; x_wconf 51' lang='lat' dir='ltr'>Fau-(or.</span> 
     </span>
     <span class='ocr_line' id='line_1_14' title="bbox 128 2389 223 2423; baseline 0.032 -9"><span class='ocrx_word' id='word_1_19' title='bbox 128 2389 223 2423; x_wconf 58' lang='lat' dir='ltr'>bl&#39;iggv.</span> 
     </span>
    </p>
   </div>
   <div class='ocr_carea' id='block_1_9' title="bbox 127 2573 298 2688">
    <p class='ocr_par' dir='ltr' id='par_1_9' title="bbox 127 2573 298 2688">
     <span class='ocr_line' id='line_1_15' title="bbox 131 2573 272 2607; baseline 0.014 -6"><span class='ocrx_word' id='word_1_20' title='bbox 131 2573 221 2607; x_wconf 51' lang='lat' dir='ltr'>Light</span> <span class='ocrx_word' id='word_1_21' title='bbox 243 2575 272 2603; x_wconf 86' lang='lat' dir='ltr'>in</span> 
     </span>
     <span class='ocr_line' id='line_1_16' title="bbox 128 2613 298 2643; baseline 0.012 -2"><span class='ocrx_word' id='word_1_22' title='bbox 128 2614 171 2640; x_wconf 71' lang='lat' dir='ltr'>St.</span> <span class='ocrx_word' id='word_1_23' title='bbox 189 2613 298 2643; x_wconf 68' lang='lat' dir='ltr'>John&#39;s</span> 
     </span>
     <span class='ocr_line' id='line_1_17' title="bbox 127 2652 244 2688; baseline 0 -9"><span class='ocrx_word' id='word_1_24' title='bbox 127 2652 244 2688; x_wconf 68' lang='lat' dir='ltr'>clflnpvl.</span> 
     </span>
    </p>
   </div>
   <div class='ocr_carea' id='block_1_10' title="bbox 834 164 1399 198">
    <p class='ocr_par' dir='ltr' id='par_1_10' title="bbox 834 164 1399 198">
     <span class='ocr_line' id='line_1_18' title="bbox 834 164 1399 198; baseline -0.004 0"><span class='ocrx_word' id='word_1_25' title='bbox 834 166 1108 198; x_wconf 80' lang='lat' dir='ltr'><strong>MEMORIALS</strong></span> <span class='ocrx_word' id='word_1_26' title='bbox 1145 165 1202 198; x_wconf 84' lang='lat' dir='ltr'>OF</span> <span class='ocrx_word' id='word_1_27' title='bbox 1241 164 1399 197; x_wconf 78' lang='lat' dir='ltr'>RIPON.</span> 
     </span>
    </p>
   </div>
   <div class='ocr_carea' id='block_1_11' title="bbox 350 275 1885 3011">
    <p class='ocr_par' dir='ltr' id='par_1_11' title="bbox 356 275 1885 651">
     <span class='ocr_line' id='line_1_19' title="bbox 357 275 1883 331; baseline -0.003 -13"><span class='ocrx_word' id='word_1_28' title='bbox 357 278 474 318; x_wconf 89' lang='lat' dir='ltr'>sione</span> <span class='ocrx_word' id='word_1_29' title='bbox 497 277 679 319; x_wconf 86' lang='lat' dir='ltr'>Galfridi</span> <span class='ocrx_word' id='word_1_30' title='bbox 713 277 926 331; x_wconf 87' lang='lat' dir='ltr'>quondam</span> <span class='ocrx_word' id='word_1_31' title='bbox 964 276 1279 330; x_wconf 85' lang='lat' dir='ltr'>Archiepiscopi</span> <span class='ocrx_word' id='word_1_32' title='bbox 1312 275 1439 316; x_wconf 89' lang='lat' dir='ltr'>Ebor.</span> <span class='ocrx_word' id='word_1_33' title='bbox 1461 288 1537 329; x_wconf 84' lang='lat' dir='ltr'>per</span> <span class='ocrx_word' id='word_1_34' title='bbox 1567 277 1730 315; x_wconf 82' lang='lat' dir='ltr'>cartam</span> <span class='ocrx_word' id='word_1_35' title='bbox 1762 287 1883 315; x_wconf 87' lang='lat' dir='ltr'>suam</span> 
     </span>
     <span class='ocr_line' id='line_1_20' title="bbox 357 338 1885 395; baseline -0.003 -13"><span class='ocrx_word' id='word_1_36' title='bbox 357 342 459 382; x_wconf 85' lang='lat' dir='ltr'>fecit</span> <span class='ocrx_word' id='word_1_37' title='bbox 482 342 622 382; x_wconf 84' lang='lat' dir='ltr'>eidem</span> <span class='ocrx_word' id='word_1_38' title='bbox 659 341 874 395; x_wconf 86' lang='lat' dir='ltr'>hospitali,</span> <span class='ocrx_word' id='word_1_39' title='bbox 896 342 948 381; x_wconf 90' lang='lat' dir='ltr'>de</span> <span class='ocrx_word' id='word_1_40' title='bbox 978 341 1117 381; x_wconf 82' lang='lat' dir='ltr'>tribus</span> <span class='ocrx_word' id='word_1_41' title='bbox 1138 341 1244 380; x_wconf 88' lang='lat' dir='ltr'>acris</span> <span class='ocrx_word' id='word_1_42' title='bbox 1274 343 1400 379; x_wconf 81' lang='lat' dir='ltr'>terrae</span> <span class='ocrx_word' id='word_1_43' title='bbox 1431 339 1611 379; x_wconf 83' lang='lat' dir='ltr'>insimul</span> <span class='ocrx_word' id='word_1_44' title='bbox 1638 338 1885 393; x_wconf 74' lang='lat' dir='ltr'>jacentibus</span> 
     </span>
     <span class='ocr_line' id='line_1_21' title="bbox 356 402 1883 460; baseline -0.002 -15"><span class='ocrx_word' id='word_1_45' title='bbox 356 407 401 446; x_wconf 89' lang='lat' dir='ltr'>in</span> <span class='ocrx_word' id='word_1_46' title='bbox 424 406 694 460; x_wconf 79' lang='lat' dir='ltr'>longitudine</span> <span class='ocrx_word' id='word_1_47' title='bbox 717 407 830 445; x_wconf 86' lang='lat' dir='ltr'>inter</span> <span class='ocrx_word' id='word_1_48' title='bbox 851 404 1014 444; x_wconf 86' lang='lat' dir='ltr'>fontem</span> <span class='ocrx_word' id='word_1_49' title='bbox 1037 405 1090 444; x_wconf 92' lang='lat' dir='ltr'>de</span> <span class='ocrx_word' id='word_1_50' title='bbox 1113 404 1413 457; x_wconf 89' lang='lat' dir='ltr'>Asmunderby</span> <span class='ocrx_word' id='word_1_51' title='bbox 1435 406 1480 443; x_wconf 76' lang='lat' dir='ltr'>et</span> <span class='ocrx_word' id='word_1_52' title='bbox 1500 403 1746 457; x_wconf 85' lang='lat' dir='ltr'>Aldewyke,</span> <span class='ocrx_word' id='word_1_53' title='bbox 1764 405 1809 442; x_wconf 77' lang='lat' dir='ltr'>et</span> <span class='ocrx_word' id='word_1_54' title='bbox 1829 402 1883 443; x_wconf 88' lang='lat' dir='ltr'>de</span> 
     </span>
     <span class='ocr_line' id='line_1_22' title="bbox 357 467 1883 523; baseline -0.003 -13"><span class='ocrx_word' id='word_1_55' title='bbox 357 473 528 523; x_wconf 84' lang='lat' dir='ltr'>pastura</span> <span class='ocrx_word' id='word_1_56' title='bbox 563 484 637 523; x_wconf 86' lang='lat' dir='ltr'>pro</span> <span class='ocrx_word' id='word_1_57' title='bbox 658 472 833 509; x_wconf 89' lang='lat' dir='ltr'>centum</span> <span class='ocrx_word' id='word_1_58' title='bbox 864 468 1012 509; x_wconf 87' lang='lat' dir='ltr'>ovibus</span> <span class='ocrx_word' id='word_1_59' title='bbox 1032 468 1078 507; x_wconf 88' lang='lat' dir='ltr'>in</span> <span class='ocrx_word' id='word_1_60' title='bbox 1105 472 1219 508; x_wconf 74' lang='lat' dir='ltr'>terra</span> <span class='ocrx_word' id='word_1_61' title='bbox 1250 481 1327 508; x_wconf 85' lang='lat' dir='ltr'>sua</span> <span class='ocrx_word' id='word_1_62' title='bbox 1347 468 1400 507; x_wconf 88' lang='lat' dir='ltr'>de</span> <span class='ocrx_word' id='word_1_63' title='bbox 1435 467 1760 521; x_wconf 83' lang='lat' dir='ltr'>Asmunderby3</span> <span class='ocrx_word' id='word_1_64' title='bbox 1791 467 1883 507; x_wconf 83' lang='lat' dir='ltr'>Ha·-</span> 
     </span>
     <span class='ocr_line' id='line_1_23' title="bbox 358 531 1884 587; baseline -0.002 -13"><span class='ocrx_word' id='word_1_65' title='bbox 358 534 546 574; x_wconf 90' lang='lat' dir='ltr'>bendum</span> <span class='ocrx_word' id='word_1_66' title='bbox 569 535 889 587; x_wconf 76' lang='lat' dir='ltr'>imperpetuum</span> <span class='ocrx_word' id='word_1_67' title='bbox 911 533 957 572; x_wconf 90' lang='lat' dir='ltr'>in</span> <span class='ocrx_word' id='word_1_68' title='bbox 978 532 1171 586; x_wconf 76' lang='lat' dir='ltr'>quolibet</span> <span class='ocrx_word' id='word_1_69' title='bbox 1191 532 1325 572; x_wconf 74' lang='lat' dir='ltr'>tercio</span> <span class='ocrx_word' id='word_1_70' title='bbox 1345 545 1472 581; x_wconf 86' lang='lat' dir='ltr'>anno,</span> <span class='ocrx_word' id='word_1_71' title='bbox 1485 531 1531 571; x_wconf 90' lang='lat' dir='ltr'>in</span> <span class='ocrx_word' id='word_1_72' title='bbox 1553 544 1704 584; x_wconf 89' lang='lat' dir='ltr'>puram</span> <span class='ocrx_word' id='word_1_73' title='bbox 1724 534 1769 571; x_wconf 72' lang='lat' dir='ltr'>et.</span> <span class='ocrx_word' id='word_1_74' title='bbox 1788 544 1884 584; x_wconf 84' lang='lat' dir='ltr'>per-</span> 
     </span>
     <span class='ocr_line' id='line_1_24' title="bbox 360 598 848 651; baseline -0.006 -13"><span class='ocrx_word' id='word_1_75' title='bbox 360 601 532 651; x_wconf 84' lang='lat' dir='ltr'>petuam</span> <span class='ocrx_word' id='word_1_76' title='bbox 556 598 848 637; x_wconf 74' lang='lat' dir='ltr'>elemosinam.</span> 
     </span>
    </p>

    <p class='ocr_par' dir='ltr' id='par_1_12' title="bbox 357 658 1885 1020">
     <span class='ocr_line' id='line_1_25' title="bbox 445 658 1883 713; baseline -0.001 -13"><span class='ocrx_word' id='word_1_77' title='bbox 445 662 733 700; x_wconf 88' lang='lat' dir='ltr'>Donacionem</span> <span class='ocrx_word' id='word_1_78' title='bbox 786 661 976 713; x_wconf 84' lang='lat' dir='ltr'>insuper,</span> <span class='ocrx_word' id='word_1_79' title='bbox 1017 661 1349 710; x_wconf 80' lang='lat' dir='ltr'>concessionem,</span> <span class='ocrx_word' id='word_1_80' title='bbox 1401 662 1447 699; x_wconf 71' lang='lat' dir='ltr'>eb</span> <span class='ocrx_word' id='word_1_81' title='bbox 1496 658 1883 709; x_wconf 85' lang='lat' dir='ltr'>confirmacionem,</span> 
     </span>
     <span class='ocr_line' id='line_1_26' title="bbox 357 722 1885 778; baseline -0.001 -14"><span class='ocrx_word' id='word_1_82' title='bbox 357 739 460 778; x_wconf 87' lang='lat' dir='ltr'>quas</span> <span class='ocrx_word' id='word_1_83' title='bbox 501 725 745 763; x_wconf 66' lang='lat' dir='ltr'>VVillelmus</span> <span class='ocrx_word' id='word_1_84' title='bbox 779 724 959 763; x_wconf 88' lang='lat' dir='ltr'>clericus</span> <span class='ocrx_word' id='word_1_85' title='bbox 994 724 1046 764; x_wconf 93' lang='lat' dir='ltr'>de</span> <span class='ocrx_word' id='word_1_86' title='bbox 1089 722 1254 776; x_wconf 87' lang='lat' dir='ltr'>Rypon&#39;</span> <span class='ocrx_word' id='word_1_87' title='bbox 1294 737 1371 776; x_wconf 90' lang='lat' dir='ltr'>per</span> <span class='ocrx_word' id='word_1_88' title='bbox 1412 726 1576 763; x_wconf 85' lang='lat' dir='ltr'>cartam</span> <span class='ocrx_word' id='word_1_89' title='bbox 1619 736 1738 762; x_wconf 86' lang='lat' dir='ltr'>suam</span> <span class='ocrx_word' id='word_1_90' title='bbox 1779 722 1885 762; x_wconf 70' lang='lat' dir='ltr'>fecit.</span> 
     </span>
     <span class='ocr_line' id='line_1_27' title="bbox 358 785 1883 841; baseline -0.001 -14"><span class='ocrx_word' id='word_1_91' title='bbox 358 789 498 828; x_wconf 87' lang='lat' dir='ltr'>eidem</span> <span class='ocrx_word' id='word_1_92' title='bbox 529 787 743 841; x_wconf 84' lang='lat' dir='ltr'>hospitali,</span> <span class='ocrx_word' id='word_1_93' title='bbox 767 788 818 828; x_wconf 91' lang='lat' dir='ltr'>de</span> <span class='ocrx_word' id='word_1_94' title='bbox 851 788 937 827; x_wconf 83' lang='lat' dir='ltr'>illis</span> <span class='ocrx_word' id='word_1_95' title='bbox 966 787 1164 827; x_wconf 84' lang='lat' dir='ltr'>domibus</span> <span class='ocrx_word' id='word_1_96' title='bbox 1196 800 1246 826; x_wconf 79' lang='lat' dir='ltr'>ex</span> <span class='ocrx_word' id='word_1_97' title='bbox 1278 788 1472 840; x_wconf 87' lang='lat' dir='ltr'>opposito</span> <span class='ocrx_word' id='word_1_98' title='bbox 1505 787 1611 826; x_wconf 83' lang='lat' dir='ltr'>dicti</span> <span class='ocrx_word' id='word_1_99' title='bbox 1643 785 1883 839; x_wconf 81' lang='lat' dir='ltr'>hospitalis,</span> 
     </span>
     <span class='ocr_line' id='line_1_28' title="bbox 357 849 1883 904; baseline -0.001 -13"><span class='ocrx_word' id='word_1_100' title='bbox 357 866 454 891; x_wconf 90' lang='lat' dir='ltr'>cum</span> <span class='ocrx_word' id='word_1_101' title='bbox 477 852 585 891; x_wconf 81' lang='lat' dir='ltr'>tofto</span> <span class='ocrx_word' id='word_1_102' title='bbox 608 855 649 891; x_wconf 88' lang='lat' dir='ltr'>et</span> <span class='ocrx_word' id='word_1_103' title='bbox 672 851 821 902; x_wconf 88' lang='lat' dir='ltr'>crofto,</span> <span class='ocrx_word' id='word_1_104' title='bbox 844 855 887 891; x_wconf 82' lang='lat' dir='ltr'>et</span> <span class='ocrx_word' id='word_1_105' title='bbox 919 851 1118 891; x_wconf 87' lang='lat' dir='ltr'>omnibus</span> <span class='ocrx_word' id='word_1_106' title='bbox 1140 851 1235 890; x_wconf 86' lang='lat' dir='ltr'>aliis</span> <span class='ocrx_word' id='word_1_107' title='bbox 1266 851 1561 904; x_wconf 77' lang='lat' dir='ltr'>pertinenciis,</span> <span class='ocrx_word' id='word_1_108' title='bbox 1590 864 1684 903; x_wconf 87' lang='lat' dir='ltr'>quae</span> <span class='ocrx_word' id='word_1_109' title='bbox 1705 849 1883 890; x_wconf 66' lang='lat' dir='ltr'>fuerunt,</span> 
     </span>
     <span class='ocr_line' id='line_1_29' title="bbox 359 914 1880 969; baseline -0.001 -13"><span class='ocrx_word' id='word_1_110' title='bbox 359 916 590 956; x_wconf 73' lang='lat' dir='ltr'>Gunnildze</span> <span class='ocrx_word' id='word_1_111' title='bbox 612 916 710 955; x_wconf 73' lang='lat' dir='ltr'>filiae</span> <span class='ocrx_word' id='word_1_112' title='bbox 731 914 967 969; x_wconf 83' lang='lat' dir='ltr'>Thorphini</span> <span class='ocrx_word' id='word_1_113' title='bbox 991 915 1292 965; x_wconf 80' lang='lat' dir='ltr'>Parmentarii,</span> <span class='ocrx_word' id='word_1_114' title='bbox 1314 916 1358 954; x_wconf 91' lang='lat' dir='ltr'>in</span> <span class='ocrx_word' id='word_1_115' title='bbox 1389 929 1541 968; x_wconf 85' lang='lat' dir='ltr'>puram</span> <span class='ocrx_word' id='word_1_116' title='bbox 1564 918 1608 955; x_wconf 75' lang='lat' dir='ltr'>et</span> <span class='ocrx_word' id='word_1_117' title='bbox 1628 917 1880 968; x_wconf 76' lang='lat' dir='ltr'>perpetuam</span> 
     </span>
     <span class='ocr_line' id='line_1_30' title="bbox 357 980 644 1020; baseline -0.003 0"><span class='ocrx_word' id='word_1_118' title='bbox 357 980 644 1020; x_wconf 78' lang='lat' dir='ltr'>elemosinam.</span> 
     </span>
    </p>

    <p class='ocr_par' dir='ltr' id='par_1_13' title="bbox 353 1043 1881 1403">
     <span class='ocr_line' id='line_1_31' title="bbox 445 1043 1881 1095; baseline -0.001 -12"><span class='ocrx_word' id='word_1_119' title='bbox 445 1043 768 1083; x_wconf 67' lang='lat' dir='ltr'>Concessionem</span> <span class='ocrx_word' id='word_1_120' title='bbox 795 1045 945 1094; x_wconf 86' lang='lat' dir='ltr'>eciam,</span> <span class='ocrx_word' id='word_1_121' title='bbox 971 1044 1265 1093; x_wconf 83' lang='lat' dir='ltr'>donacionem,</span> <span class='ocrx_word' id='word_1_122' title='bbox 1298 1047 1343 1083; x_wconf 77' lang='lat' dir='ltr'>et.</span> <span class='ocrx_word' id='word_1_123' title='bbox 1374 1043 1746 1083; x_wconf 84' lang='lat' dir='ltr'>confirmacionem</span> <span class='ocrx_word' id='word_1_124' title='bbox 1776 1055 1881 1095; x_wconf 88' lang='lat' dir='ltr'>quas</span> 
     </span>
     <span class='ocr_line' id='line_1_32' title="bbox 356 1106 1880 1161; baseline -0.002 -14"><span class='ocrx_word' id='word_1_125' title='bbox 356 1107 510 1147; x_wconf 85' lang='lat' dir='ltr'>Petrus</span> <span class='ocrx_word' id='word_1_126' title='bbox 542 1108 654 1148; x_wconf 85' lang='lat' dir='ltr'>filius</span> <span class='ocrx_word' id='word_1_127' title='bbox 678 1108 913 1161; x_wconf 70' lang='lat' dir='ltr'>VVymundi</span> <span class='ocrx_word' id='word_1_128' title='bbox 935 1111 979 1147; x_wconf 53' lang='lat' dir='ltr'>et,</span> <span class='ocrx_word' id='word_1_129' title='bbox 1002 1108 1189 1147; x_wconf 82' lang='lat' dir='ltr'>Hawisia</span> <span class='ocrx_word' id='word_1_130' title='bbox 1209 1122 1315 1147; x_wconf 79' lang='lat' dir='ltr'>uxor</span> <span class='ocrx_word' id='word_1_131' title='bbox 1346 1106 1438 1161; x_wconf 81' lang='lat' dir='ltr'>ers</span> <span class='ocrx_word' id='word_1_132' title='bbox 1460 1121 1536 1160; x_wconf 90' lang='lat' dir='ltr'>per</span> <span class='ocrx_word' id='word_1_133' title='bbox 1565 1109 1727 1146; x_wconf 84' lang='lat' dir='ltr'>cartam</span> <span class='ocrx_word' id='word_1_134' title='bbox 1759 1119 1880 1145; x_wconf 85' lang='lat' dir='ltr'>suam</span> 
     </span>
     <span class='ocr_line' id='line_1_33' title="bbox 354 1170 1880 1226; baseline -0.001 -16"><span class='ocrx_word' id='word_1_135' title='bbox 354 1171 549 1211; x_wconf 73' lang='lat' dir='ltr'>fecerunt</span> <span class='ocrx_word' id='word_1_136' title='bbox 580 1172 720 1211; x_wconf 87' lang='lat' dir='ltr'>eidem</span> <span class='ocrx_word' id='word_1_137' title='bbox 749 1170 966 1224; x_wconf 86' lang='lat' dir='ltr'>hospitali,</span> <span class='ocrx_word' id='word_1_138' title='bbox 988 1172 1041 1211; x_wconf 92' lang='lat' dir='ltr'>de</span> <span class='ocrx_word' id='word_1_139' title='bbox 1063 1171 1324 1222; x_wconf 80' lang='lat' dir='ltr'>Broolandis‚</span> <span class='ocrx_word' id='word_1_140' title='bbox 1346 1172 1393 1210; x_wconf 93' lang='lat' dir='ltr'>in</span> <span class='ocrx_word' id='word_1_141' title='bbox 1414 1171 1690 1226; x_wconf 76' lang='lat' dir='ltr'>longitudine</span> <span class='ocrx_word' id='word_1_142' title='bbox 1714 1173 1759 1210; x_wconf 75' lang='lat' dir='ltr'>e‘o</span> <span class='ocrx_word' id='word_1_143' title='bbox 1780 1170 1880 1209; x_wconf 77' lang='lat' dir='ltr'>lati-</span> 
     </span>
     <span class='ocr_line' id='line_1_34' title="bbox 354 1234 1881 1285; baseline -0.001 -11"><span class='ocrx_word' id='word_1_144' title='bbox 354 1236 505 1275; x_wconf 80' lang='lat' dir='ltr'>tudine</span> <span class='ocrx_word' id='word_1_145' title='bbox 540 1236 651 1274; x_wconf 79' lang='lat' dir='ltr'>sicut</span> <span class='ocrx_word' id='word_1_146' title='bbox 681 1236 797 1274; x_wconf 85' lang='lat' dir='ltr'>idem</span> <span class='ocrx_word' id='word_1_147' title='bbox 828 1236 984 1275; x_wconf 89' lang='lat' dir='ltr'>Petrus</span> <span class='ocrx_word' id='word_1_148' title='bbox 1016 1236 1197 1275; x_wconf 87' lang='lat' dir='ltr'>eandem</span> <span class='ocrx_word' id='word_1_149' title='bbox 1227 1238 1390 1275; x_wconf 78' lang='lat' dir='ltr'>terram</span> <span class='ocrx_word' id='word_1_150' title='bbox 1430 1235 1591 1285; x_wconf 69' lang='lat' dir='ltr'>tenuit,</span> <span class='ocrx_word' id='word_1_151' title='bbox 1623 1234 1805 1274; x_wconf 80' lang='lat' dir='ltr'>liberam</span> <span class='ocrx_word' id='word_1_152' title='bbox 1836 1236 1881 1273; x_wconf 77' lang='lat' dir='ltr'>et.</span> 
     </span>
     <span class='ocr_line' id='line_1_35' title="bbox 353 1299 1879 1352; baseline 0 -15"><span class='ocrx_word' id='word_1_153' title='bbox 353 1300 545 1351; x_wconf 75' lang='lat' dir='ltr'>quietam</span> <span class='ocrx_word' id='word_1_154' title='bbox 577 1299 629 1338; x_wconf 87' lang='lat' dir='ltr'>ab</span> <span class='ocrx_word' id='word_1_155' title='bbox 655 1300 773 1339; x_wconf 90' lang='lat' dir='ltr'>omni</span> <span class='ocrx_word' id='word_1_156' title='bbox 795 1300 972 1339; x_wconf 91' lang='lat' dir='ltr'>servicio</span> <span class='ocrx_word' id='word_1_157' title='bbox 993 1303 1038 1340; x_wconf 72' lang='lat' dir='ltr'>et</span> <span class='ocrx_word' id='word_1_158' title='bbox 1060 1300 1300 1350; x_wconf 82' lang='lat' dir='ltr'>exaccione,</span> <span class='ocrx_word' id='word_1_159' title='bbox 1323 1300 1369 1339; x_wconf 89' lang='lat' dir='ltr'>in</span> <span class='ocrx_word' id='word_1_160' title='bbox 1386 1313 1538 1352; x_wconf 82' lang='lat' dir='ltr'>puram</span> <span class='ocrx_word' id='word_1_161' title='bbox 1560 1300 1604 1338; x_wconf 49' lang='lat' dir='ltr'>et&gt;</span> <span class='ocrx_word' id='word_1_162' title='bbox 1623 1300 1879 1352; x_wconf 74' lang='lat' dir='ltr'>perpetuam</span> 
     </span>
     <span class='ocr_line' id='line_1_36' title="bbox 354 1363 642 1403; baseline 0 0"><span class='ocrx_word' id='word_1_163' title='bbox 354 1363 642 1403; x_wconf 74' lang='lat' dir='ltr'>elemosinam.</span> 
     </span>
    </p>

    <p class='ocr_par' dir='ltr' id='par_1_14' title="bbox 351 1426 1881 1735">
     <span class='ocr_line' id='line_1_37' title="bbox 442 1426 1881 1481; baseline 0.001 -16"><span class='ocrx_word' id='word_1_164' title='bbox 442 1426 762 1467; x_wconf 65' lang='lat' dir='ltr'>Concessionem</span> <span class='ocrx_word' id='word_1_165' title='bbox 814 1428 1001 1481; x_wconf 85' lang='lat' dir='ltr'>insuper,</span> <span class='ocrx_word' id='word_1_166' title='bbox 1053 1428 1346 1478; x_wconf 83' lang='lat' dir='ltr'>donacionem,</span> <span class='ocrx_word' id='word_1_167' title='bbox 1397 1427 1784 1477; x_wconf 85' lang='lat' dir='ltr'>confirmacionem,</span> <span class='ocrx_word' id='word_1_168' title='bbox 1835 1429 1881 1466; x_wconf 65' lang='lat' dir='ltr'>et,</span> 
     </span>
     <span class='ocr_line' id='line_1_38' title="bbox 352 1490 1881 1544; baseline 0.001 -16"><span class='ocrx_word' id='word_1_169' title='bbox 352 1491 611 1540; x_wconf 83' lang='lat' dir='ltr'>warantiam,</span> <span class='ocrx_word' id='word_1_170' title='bbox 645 1504 748 1543; x_wconf 80' lang='lat' dir='ltr'>quas</span> <span class='ocrx_word' id='word_1_171' title='bbox 782 1491 994 1531; x_wconf 79' lang='lat' dir='ltr'>Robertus</span> <span class='ocrx_word' id='word_1_172' title='bbox 1027 1506 1160 1544; x_wconf 88' lang='lat' dir='ltr'>nepos</span> <span class='ocrx_word' id='word_1_173' title='bbox 1198 1491 1375 1531; x_wconf 79' lang='lat' dir='ltr'>R-oberti</span> <span class='ocrx_word' id='word_1_174' title='bbox 1408 1492 1460 1531; x_wconf 89' lang='lat' dir='ltr'>de</span> <span class='ocrx_word' id='word_1_175' title='bbox 1495 1490 1631 1530; x_wconf 85' lang='lat' dir='ltr'>Lann’</span> <span class='ocrx_word' id='word_1_176' title='bbox 1664 1493 1709 1530; x_wconf 77' lang='lat' dir='ltr'>et</span> <span class='ocrx_word' id='word_1_177' title='bbox 1743 1490 1881 1530; x_wconf 87' lang='lat' dir='ltr'>Alicia</span> 
     </span>
     <span class='ocr_line' id='line_1_39' title="bbox 352 1553 1881 1608; baseline 0.001 -16"><span class='ocrx_word' id='word_1_178' title='bbox 352 1566 456 1593; x_wconf 80' lang='lat' dir='ltr'>uxor</span> <span class='ocrx_word' id='word_1_179' title='bbox 477 1553 570 1607; x_wconf 89' lang='lat' dir='ltr'>ejus</span> <span class='ocrx_word' id='word_1_180' title='bbox 591 1568 665 1607; x_wconf 89' lang='lat' dir='ltr'>per</span> <span class='ocrx_word' id='word_1_181' title='bbox 685 1558 845 1595; x_wconf 85' lang='lat' dir='ltr'>cartam</span> <span class='ocrx_word' id='word_1_182' title='bbox 869 1569 987 1595; x_wconf 91' lang='lat' dir='ltr'>suam</span> <span class='ocrx_word' id='word_1_183' title='bbox 1008 1555 1206 1596; x_wconf 74' lang='lat' dir='ltr'>fecerunt</span> <span class='ocrx_word' id='word_1_184' title='bbox 1228 1556 1368 1596; x_wconf 90' lang='lat' dir='ltr'>eidem</span> <span class='ocrx_word' id='word_1_185' title='bbox 1389 1554 1607 1608; x_wconf 80' lang='lat' dir='ltr'>hospitali,</span> <span class='ocrx_word' id='word_1_186' title='bbox 1629 1555 1682 1594; x_wconf 90' lang='lat' dir='ltr'>de</span> <span class='ocrx_word' id='word_1_187' title='bbox 1701 1554 1881 1594; x_wconf 88' lang='lat' dir='ltr'>dimidia</span> 
     </span>
     <span class='ocr_line' id='line_1_40' title="bbox 351 1617 1878 1673; baseline 0.001 -17"><span class='ocrx_word' id='word_1_188' title='bbox 351 1630 445 1657; x_wconf 85' lang='lat' dir='ltr'>acra</span> <span class='ocrx_word' id='word_1_189' title='bbox 475 1621 598 1657; x_wconf 63' lang='lat' dir='ltr'>torrae</span> <span class='ocrx_word' id='word_1_190' title='bbox 634 1619 679 1658; x_wconf 90' lang='lat' dir='ltr'>in</span> <span class='ocrx_word' id='word_1_191' title='bbox 713 1619 877 1672; x_wconf 85' lang='lat' dir='ltr'>Rypon’</span> <span class='ocrx_word' id='word_1_192' title='bbox 913 1634 1059 1659; x_wconf 88' lang='lat' dir='ltr'>versus</span> <span class='ocrx_word' id='word_1_193' title='bbox 1093 1619 1394 1673; x_wconf 85' lang='lat' dir='ltr'>Asmunderby</span> <span class='ocrx_word' id='word_1_194' title='bbox 1430 1619 1483 1659; x_wconf 85' lang='lat' dir='ltr'>ad</span> <span class='ocrx_word' id='word_1_195' title='bbox 1516 1617 1811 1671; x_wconf 83' lang='lat' dir='ltr'>Haukepotes,</span> <span class='ocrx_word' id='word_1_196' title='bbox 1832 1619 1878 1658; x_wconf 91' lang='lat' dir='ltr'>in</span> 
     </span>
     <span class='ocr_line' id='line_1_41' title="bbox 353 1683 1159 1735; baseline 0.004 -15"><span class='ocrx_word' id='word_1_197' title='bbox 353 1694 505 1733; x_wconf 87' lang='lat' dir='ltr'>puram</span> <span class='ocrx_word' id='word_1_198' title='bbox 528 1685 571 1721; x_wconf 89' lang='lat' dir='ltr'>et</span> <span class='ocrx_word' id='word_1_199' title='bbox 593 1686 846 1735; x_wconf 84' lang='lat' dir='ltr'>perpetuam</span> <span class='ocrx_word' id='word_1_200' title='bbox 868 1683 1159 1723; x_wconf 84' lang='lat' dir='ltr'>elemosinam.</span> 
     </span>
    </p>

    <p class='ocr_par' dir='ltr' id='par_1_15' title="bbox 350 1745 1880 1990">
     <span class='ocr_line' id='line_1_42' title="bbox 438 1745 1880 1799; baseline 0.001 -15"><span class='ocrx_word' id='word_1_201' title='bbox 438 1745 727 1786; x_wconf 86' lang='lat' dir='ltr'>Donacionem</span> <span class='ocrx_word' id='word_1_202' title='bbox 742 1747 891 1796; x_wconf 69' lang='lat' dir='ltr'>eciam,</span> <span class='ocrx_word' id='word_1_203' title='bbox 908 1749 1237 1799; x_wconf 88' lang='lat' dir='ltr'>concessionem,</span> <span class='ocrx_word' id='word_1_204' title='bbox 1255 1748 1642 1797; x_wconf 78' lang='lat' dir='ltr'>confirmacionem,</span> <span class='ocrx_word' id='word_1_205' title='bbox 1665 1749 1708 1786; x_wconf 66' lang='lat' dir='ltr'>et</span> <span class='ocrx_word' id='word_1_206' title='bbox 1720 1760 1880 1786; x_wconf 80' lang='lat' dir='ltr'>waran-</span> 
     </span>
     <span class='ocr_line' id='line_1_43' title="bbox 350 1809 1873 1865; baseline 0.002 -18"><span class='ocrx_word' id='word_1_207' title='bbox 350 1809 471 1858; x_wconf 79' lang='lat' dir='ltr'>tiam,</span> <span class='ocrx_word' id='word_1_208' title='bbox 512 1823 615 1861; x_wconf 89' lang='lat' dir='ltr'>quas</span> <span class='ocrx_word' id='word_1_209' title='bbox 652 1811 785 1850; x_wconf 85' lang='lat' dir='ltr'>Alicia</span> <span class='ocrx_word' id='word_1_210' title='bbox 826 1811 915 1852; x_wconf 79' lang='lat' dir='ltr'>filia</span> <span class='ocrx_word' id='word_1_211' title='bbox 950 1811 1079 1852; x_wconf 88' lang='lat' dir='ltr'>Thori</span> <span class='ocrx_word' id='word_1_212' title='bbox 1110 1826 1186 1865; x_wconf 91' lang='lat' dir='ltr'>per</span> <span class='ocrx_word' id='word_1_213' title='bbox 1226 1815 1387 1852; x_wconf 84' lang='lat' dir='ltr'>cartam</span> <span class='ocrx_word' id='word_1_214' title='bbox 1430 1825 1551 1851; x_wconf 87' lang='lat' dir='ltr'>suam</span> <span class='ocrx_word' id='word_1_215' title='bbox 1591 1811 1695 1851; x_wconf 87' lang='lat' dir='ltr'>fecit·</span> <span class='ocrx_word' id='word_1_216' title='bbox 1735 1811 1873 1850; x_wconf 86' lang='lat' dir='ltr'>eidem</span> 
     </span>
     <span class='ocr_line' id='line_1_44' title="bbox 352 1871 1876 1929; baseline 0.002 -19"><span class='ocrx_word' id='word_1_217' title='bbox 352 1871 565 1924; x_wconf 84' lang='lat' dir='ltr'>hospitali,</span> <span class='ocrx_word' id='word_1_218' title='bbox 587 1873 639 1912; x_wconf 88' lang='lat' dir='ltr'>de</span> <span class='ocrx_word' id='word_1_219' title='bbox 673 1875 851 1914; x_wconf 82' lang='lat' dir='ltr'>dimidia</span> <span class='ocrx_word' id='word_1_220' title='bbox 881 1889 977 1915; x_wconf 78' lang='lat' dir='ltr'>acra.</span> <span class='ocrx_word' id='word_1_221' title='bbox 998 1879 1123 1916; x_wconf 78' lang='lat' dir='ltr'>terrae</span> <span class='ocrx_word' id='word_1_222' title='bbox 1153 1890 1280 1929; x_wconf 90' lang='lat' dir='ltr'>super</span> <span class='ocrx_word' id='word_1_223' title='bbox 1313 1874 1513 1916; x_wconf 87' lang='lat' dir='ltr'>Benehill</span> <span class='ocrx_word' id='word_1_224' title='bbox 1550 1876 1594 1914; x_wconf 91' lang='lat' dir='ltr'>in</span> <span class='ocrx_word' id='word_1_225' title='bbox 1632 1874 1809 1928; x_wconf 84' lang='lat' dir='ltr'>Rypon’,</span> <span class='ocrx_word' id='word_1_226' title='bbox 1831 1875 1876 1913; x_wconf 88' lang='lat' dir='ltr'>in</span> 
     </span>
     <span class='ocr_line' id='line_1_45' title="bbox 352 1940 1158 1990; baseline 0.007 -16"><span class='ocrx_word' id='word_1_227' title='bbox 352 1948 500 1987; x_wconf 86' lang='lat' dir='ltr'>puram</span> <span class='ocrx_word' id='word_1_228' title='bbox 524 1940 567 1975; x_wconf 86' lang='lat' dir='ltr'>et</span> <span class='ocrx_word' id='word_1_229' title='bbox 589 1942 841 1990; x_wconf 79' lang='lat' dir='ltr'>perpetuam</span> <span class='ocrx_word' id='word_1_230' title='bbox 865 1940 1158 1980; x_wconf 89' lang='lat' dir='ltr'>elemosinam.</span> 
     </span>
    </p>

    <p class='ocr_par' dir='ltr' id='par_1_16' title="bbox 352 2001 1876 2438">
     <span class='ocr_line' id='line_1_46' title="bbox 441 2001 1875 2056; baseline 0.002 -18"><span class='ocrx_word' id='word_1_231' title='bbox 441 2001 765 2041; x_wconf 75' lang='lat' dir='ltr'>Concessionem</span> <span class='ocrx_word' id='word_1_232' title='bbox 787 2003 960 2055; x_wconf 88' lang='lat' dir='ltr'>insuper</span> <span class='ocrx_word' id='word_1_233' title='bbox 974 2017 1102 2056; x_wconf 86' lang='lat' dir='ltr'>quam</span> <span class='ocrx_word' id='word_1_234' title='bbox 1125 2003 1341 2044; x_wconf 82' lang='lat' dir='ltr'>Johannes</span> <span class='ocrx_word' id='word_1_235' title='bbox 1363 2004 1416 2043; x_wconf 80' lang='lat' dir='ltr'>de</span> <span class='ocrx_word' id='word_1_236' title='bbox 1439 2002 1605 2043; x_wconf 88' lang='lat' dir='ltr'>Hilton’</span> <span class='ocrx_word' id='word_1_237' title='bbox 1626 2016 1700 2055; x_wconf 88' lang='lat' dir='ltr'>per</span> <span class='ocrx_word' id='word_1_238' title='bbox 1715 2005 1875 2041; x_wconf 84' lang='lat' dir='ltr'>cartam</span> 
     </span>
     <span class='ocr_line' id='line_1_47' title="bbox 354 2063 1876 2121; baseline 0.003 -21"><span class='ocrx_word' id='word_1_239' title='bbox 354 2075 471 2101; x_wconf 83' lang='lat' dir='ltr'>suam</span> <span class='ocrx_word' id='word_1_240' title='bbox 496 2063 595 2103; x_wconf 76' lang='lat' dir='ltr'>fecit</span> <span class='ocrx_word' id='word_1_241' title='bbox 632 2065 772 2105; x_wconf 88' lang='lat' dir='ltr'>eidem</span> <span class='ocrx_word' id='word_1_242' title='bbox 808 2065 1027 2119; x_wconf 86' lang='lat' dir='ltr'>hospitali,</span> <span class='ocrx_word' id='word_1_243' title='bbox 1050 2068 1100 2107; x_wconf 92' lang='lat' dir='ltr'>de</span> <span class='ocrx_word' id='word_1_244' title='bbox 1132 2071 1314 2121; x_wconf 79' lang='lat' dir='ltr'>quatuor</span> <span class='ocrx_word' id='word_1_245' title='bbox 1348 2067 1492 2107; x_wconf 85' lang='lat' dir='ltr'>solidis</span> <span class='ocrx_word' id='word_1_246' title='bbox 1513 2067 1645 2106; x_wconf 89' lang='lat' dir='ltr'>annui</span> <span class='ocrx_word' id='word_1_247' title='bbox 1683 2066 1876 2106; x_wconf 86' lang='lat' dir='ltr'>redditus</span> 
     </span>
     <span class='ocr_line' id='line_1_48' title="bbox 353 2127 1876 2185; baseline 0.004 -22"><span class='ocrx_word' id='word_1_248' title='bbox 353 2127 608 2166; x_wconf 76' lang='lat' dir='ltr'>exeuntibus</span> <span class='ocrx_word' id='word_1_249' title='bbox 629 2128 681 2167; x_wconf 77' lang='lat' dir='ltr'>&lt;le</span> <span class='ocrx_word' id='word_1_250' title='bbox 704 2129 868 2169; x_wconf 86' lang='lat' dir='ltr'>duobus</span> <span class='ocrx_word' id='word_1_251' title='bbox 884 2130 1008 2170; x_wconf 82' lang='lat' dir='ltr'>tostis</span> <span class='ocrx_word' id='word_1_252' title='bbox 1029 2132 1074 2170; x_wconf 89' lang='lat' dir='ltr'>in</span> <span class='ocrx_word' id='word_1_253' title='bbox 1096 2132 1277 2185; x_wconf 83' lang='lat' dir='ltr'>Rypon’,</span> <span class='ocrx_word' id='word_1_254' title='bbox 1291 2131 1492 2171; x_wconf 72' lang='lat' dir='ltr'>videlicet</span> <span class='ocrx_word' id='word_1_255' title='bbox 1509 2130 1647 2170; x_wconf 84' lang='lat' dir='ltr'>tribus</span> <span class='ocrx_word' id='word_1_256' title='bbox 1665 2130 1808 2169; x_wconf 88' lang='lat' dir='ltr'>solidis</span> <span class='ocrx_word' id='word_1_257' title='bbox 1822 2129 1876 2170; x_wconf 90' lang='lat' dir='ltr'>de</span> 
     </span>
     <span class='ocr_line' id='line_1_49' title="bbox 352 2189 1873 2249; baseline 0.003 -22"><span class='ocrx_word' id='word_1_258' title='bbox 352 2189 462 2227; x_wconf 75' lang='lat' dir='ltr'>tofto</span> <span class='ocrx_word' id='word_1_259' title='bbox 483 2190 595 2242; x_wconf 72' lang='lat' dir='ltr'>quod</span> <span class='ocrx_word' id='word_1_260' title='bbox 611 2191 729 2244; x_wconf 71' lang='lat' dir='ltr'>jacet</span> <span class='ocrx_word' id='word_1_261' title='bbox 750 2193 864 2232; x_wconf 84' lang='lat' dir='ltr'>inter</span> <span class='ocrx_word' id='word_1_262' title='bbox 885 2194 1048 2234; x_wconf 80' lang='lat' dir='ltr'>toftum</span> <span class='ocrx_word' id='word_1_263' title='bbox 1071 2196 1183 2248; x_wconf 86' lang='lat' dir='ltr'>quod</span> <span class='ocrx_word' id='word_1_264' title='bbox 1203 2195 1347 2235; x_wconf 82' lang='lat' dir='ltr'>Guido</span> <span class='ocrx_word' id='word_1_265' title='bbox 1369 2194 1638 2249; x_wconf 68' lang='lat' dir='ltr'>A(u)rifaber</span> <span class='ocrx_word' id='word_1_266' title='bbox 1659 2194 1873 2246; x_wconf 84' lang='lat' dir='ltr'>quondam</span> 
     </span>
     <span class='ocr_line' id='line_1_50' title="bbox 353 2253 1874 2312; baseline 0.004 -23"><span class='ocrx_word' id='word_1_267' title='bbox 353 2253 495 2291; x_wconf 50' lang='lat' dir='ltr'>tenuit¹</span> <span class='ocrx_word' id='word_1_268' title='bbox 516 2257 559 2292; x_wconf 65' lang='lat' dir='ltr'>et,</span> <span class='ocrx_word' id='word_1_269' title='bbox 580 2256 740 2294; x_wconf 80' lang='lat' dir='ltr'>curiam</span> <span class='ocrx_word' id='word_1_270' title='bbox 775 2256 1107 2312; x_wconf 76' lang='lat' dir='ltr'>Archiepiscopi,</span> <span class='ocrx_word' id='word_1_271' title='bbox 1130 2263 1171 2299; x_wconf 84' lang='lat' dir='ltr'>et</span> <span class='ocrx_word' id='word_1_272' title='bbox 1205 2260 1431 2299; x_wconf 83' lang='lat' dir='ltr'>duodecim</span> <span class='ocrx_word' id='word_1_273' title='bbox 1464 2258 1650 2297; x_wconf 78' lang='lat' dir='ltr'>denariis</span> <span class='ocrx_word' id='word_1_274' title='bbox 1682 2257 1734 2296; x_wconf 89' lang='lat' dir='ltr'>de</span> <span class='ocrx_word' id='word_1_275' title='bbox 1766 2256 1874 2296; x_wconf 84' lang='lat' dir='ltr'>tofto</span> 
     </span>
     <span class='ocr_line' id='line_1_51' title="bbox 354 2317 1873 2375; baseline 0.004 -21"><span class='ocrx_word' id='word_1_276' title='bbox 354 2317 463 2367; x_wconf 69' lang='lat' dir='ltr'>quod</span> <span class='ocrx_word' id='word_1_277' title='bbox 479 2317 594 2368; x_wconf 77' lang='lat' dir='ltr'>jacet</span> <span class='ocrx_word' id='word_1_278' title='bbox 616 2320 893 2372; x_wconf 84' lang='lat' dir='ltr'>propinquius</span> <span class='ocrx_word' id='word_1_279' title='bbox 915 2321 1024 2362; x_wconf 77' lang='lat' dir='ltr'>tofto</span> <span class='ocrx_word' id='word_1_280' title='bbox 1053 2324 1165 2375; x_wconf 90' lang='lat' dir='ltr'>quod</span> <span class='ocrx_word' id='word_1_281' title='bbox 1196 2323 1380 2364; x_wconf 84' lang='lat' dir='ltr'>Thomas</span> <span class='ocrx_word' id='word_1_282' title='bbox 1411 2323 1450 2362; x_wconf 90' lang='lat' dir='ltr'>le</span> <span class='ocrx_word' id='word_1_283' title='bbox 1487 2321 1629 2362; x_wconf 85' lang='lat' dir='ltr'>Toller</span> <span class='ocrx_word' id='word_1_284' title='bbox 1658 2321 1873 2374; x_wconf 87' lang='lat' dir='ltr'>quondam</span> 
     </span>
     <span class='ocr_line' id='line_1_52' title="bbox 355 2381 1362 2438; baseline 0.012 -22"><span class='ocrx_word' id='word_1_285' title='bbox 355 2381 497 2418; x_wconf 70' lang='lat' dir='ltr'>tenuit</span> <span class='ocrx_word' id='word_1_286' title='bbox 518 2381 631 2421; x_wconf 70' lang='lat' dir='ltr'>ultra</span> <span class='ocrx_word' id='word_1_287' title='bbox 652 2383 931 2438; x_wconf 74' lang='lat' dir='ltr'>Esegerbrige</span> <span class='ocrx_word' id='word_1_288' title='bbox 952 2386 960 2409; x_wconf 91' lang='lat'>¹</span> <span class='ocrx_word' id='word_1_289' title='bbox 985 2400 1131 2426; x_wconf 84' lang='lat' dir='ltr'>versus</span> <span class='ocrx_word' id='word_1_290' title='bbox 1154 2390 1362 2427; x_wconf 75' lang='lat' dir='ltr'>austrum.</span> 
     </span>
    </p>

    <p class='ocr_par' dir='ltr' id='par_1_17' title="bbox 355 2444 1874 2754">
     <span class='ocr_line' id='line_1_53' title="bbox 442 2444 1874 2502; baseline 0.007 -24"><span class='ocrx_word' id='word_1_291' title='bbox 442 2444 762 2484; x_wconf 64' lang='lat' dir='ltr'>(t‹›11‹·‹›ssi‹›n‹=1u</span> <span class='ocrx_word' id='word_1_292' title='bbox 787 2449 916 2487; x_wconf 69' lang='lat' dir='ltr'>eciam</span> <span class='ocrx_word' id='word_1_293' title='bbox 942 2464 1069 2502; x_wconf 75' lang='lat' dir='ltr'>quam</span> <span class='ocrx_word' id='word_1_294' title='bbox 1094 2451 1316 2490; x_wconf 79' lang='lat' dir='ltr'>Gunnilda</span> <span class='ocrx_word' id='word_1_295' title='bbox 1348 2450 1437 2490; x_wconf 76' lang='lat' dir='ltr'>filia</span> <span class='ocrx_word' id='word_1_296' title='bbox 1458 2448 1666 2502; x_wconf 87' lang='lat' dir='ltr'>Torphiui</span> <span class='ocrx_word' id='word_1_297' title='bbox 1688 2463 1764 2502; x_wconf 90' lang='lat' dir='ltr'>per</span> <span class='ocrx_word' id='word_1_298' title='bbox 1785 2462 1874 2488; x_wconf 84' lang='lat' dir='ltr'>car-</span> 
     </span>
     <span class='ocr_line' id='line_1_54' title="bbox 355 2507 1874 2566; baseline 0.007 -25"><span class='ocrx_word' id='word_1_299' title='bbox 355 2507 440 2542; x_wconf 83' lang='lat' dir='ltr'>tam</span> <span class='ocrx_word' id='word_1_300' title='bbox 486 2520 602 2545; x_wconf 83' lang='lat' dir='ltr'>suam</span> <span class='ocrx_word' id='word_1_301' title='bbox 646 2508 748 2548; x_wconf 73' lang='lat' dir='ltr'>fecit</span> <span class='ocrx_word' id='word_1_302' title='bbox 783 2511 921 2551; x_wconf 81' lang='lat' dir='ltr'>eidem</span> <span class='ocrx_word' id='word_1_303' title='bbox 958 2512 1173 2566; x_wconf 78' lang='lat' dir='ltr'>hospitali,</span> <span class='ocrx_word' id='word_1_304' title='bbox 1206 2515 1259 2554; x_wconf 82' lang='lat' dir='ltr'>de</span> <span class='ocrx_word' id='word_1_305' title='bbox 1293 2515 1442 2554; x_wconf 84' lang='lat' dir='ltr'>decem</span> <span class='ocrx_word' id='word_1_306' title='bbox 1477 2517 1521 2553; x_wconf 39' lang='lat' dir='ltr'>ets</span> <span class='ocrx_word' id='word_1_307' title='bbox 1554 2516 1648 2552; x_wconf 80' lang='lat' dir='ltr'>octo</span> <span class='ocrx_word' id='word_1_308' title='bbox 1688 2513 1874 2552; x_wconf 84' lang='lat' dir='ltr'>denariis</span> 
     </span>
     <span class='ocr_line' id='line_1_55' title="bbox 355 2570 1873 2632; baseline 0.006 -26"><span class='ocrx_word' id='word_1_309' title='bbox 355 2570 483 2608; x_wconf 84' lang='lat' dir='ltr'>annui</span> <span class='ocrx_word' id='word_1_310' title='bbox 507 2571 698 2611; x_wconf 75' lang='lat' dir='ltr'>redditus</span> <span class='ocrx_word' id='word_1_311' title='bbox 720 2574 771 2611; x_wconf 83' lang='lat' dir='ltr'>ad</span> <span class='ocrx_word' id='word_1_312' title='bbox 804 2573 1011 2616; x_wconf 80' lang='lat' dir='ltr'>luminare</span> <span class='ocrx_word' id='word_1_313' title='bbox 1033 2578 1077 2617; x_wconf 91' lang='lat' dir='ltr'>in</span> <span class='ocrx_word' id='word_1_314' title='bbox 1110 2579 1271 2632; x_wconf 83' lang='lat' dir='ltr'>capella</span> <span class='ocrx_word' id='word_1_315' title='bbox 1305 2579 1427 2617; x_wconf 84' lang='lat' dir='ltr'>Beati</span> <span class='ocrx_word' id='word_1_316' title='bbox 1459 2576 1667 2618; x_wconf 87' lang='lat' dir='ltr'>Johannis</span> <span class='ocrx_word' id='word_1_317' title='bbox 1698 2576 1873 2627; x_wconf 86' lang='lat' dir='ltr'>ibidem,</span> 
     </span>
     <span class='ocr_line' id='line_1_56' title="bbox 356 2634 1873 2694; baseline 0.007 -25"><span class='ocrx_word' id='word_1_318' title='bbox 356 2634 609 2673; x_wconf 69' lang='lat' dir='ltr'>exeuntibus</span> <span class='ocrx_word' id='word_1_319' title='bbox 651 2636 702 2675; x_wconf 84' lang='lat' dir='ltr'>de</span> <span class='ocrx_word' id='word_1_320' title='bbox 745 2640 835 2677; x_wconf 82' lang='lat' dir='ltr'>tota</span> <span class='ocrx_word' id='word_1_321' title='bbox 869 2642 978 2680; x_wconf 83' lang='lat' dir='ltr'>terra</span> <span class='ocrx_word' id='word_1_322' title='bbox 1012 2642 1149 2694; x_wconf 86' lang='lat' dir='ltr'>ipsius</span> <span class='ocrx_word' id='word_1_323' title='bbox 1193 2642 1426 2682; x_wconf 82' lang='lat' dir='ltr'>Gunnildae</span> <span class='ocrx_word' id='word_1_324' title='bbox 1467 2641 1582 2682; x_wconf 81' lang='lat' dir='ltr'>ultra</span> <span class='ocrx_word' id='word_1_325' title='bbox 1624 2639 1732 2690; x_wconf 81' lang='lat' dir='ltr'>Scel,</span> <span class='ocrx_word' id='word_1_326' title='bbox 1774 2654 1873 2680; x_wconf 87' lang='lat' dir='ltr'>cum</span> 
     </span>
     <span class='ocr_line' id='line_1_57' title="bbox 355 2695 1249 2754; baseline 0.016 -22"><span class='ocrx_word' id='word_1_327' title='bbox 355 2695 543 2735; x_wconf 62' lang='lat' dir='ltr'>maim-iis</span> <span class='ocrx_word' id='word_1_328' title='bbox 566 2702 607 2736; x_wconf 82' lang='lat' dir='ltr'>et</span> <span class='ocrx_word' id='word_1_329' title='bbox 630 2700 827 2739; x_wconf 84' lang='lat' dir='ltr'>omnibus</span> <span class='ocrx_word' id='word_1_330' title='bbox 850 2704 1125 2754; x_wconf 82' lang='lat' dir='ltr'>pertinenciis</span> <span class='ocrx_word' id='word_1_331' title='bbox 1148 2706 1249 2746; x_wconf 86' lang='lat' dir='ltr'>suis.</span> 
     </span>
    </p>

    <p class='ocr_par' dir='ltr' id='par_1_18' title="bbox 355 2759 1872 2947">
     <span class='ocr_line' id='line_1_58' title="bbox 442 2759 1872 2819; baseline 0.007 -23"><span class='ocrx_word' id='word_1_332' title='bbox 442 2759 727 2801; x_wconf 74' lang='lat' dir='ltr'>Donacionem</span> <span class='ocrx_word' id='word_1_333' title='bbox 778 2764 964 2818; x_wconf 85' lang='lat' dir='ltr'>insuper,</span> <span class='ocrx_word' id='word_1_334' title='bbox 1015 2770 1347 2819; x_wconf 85' lang='lat' dir='ltr'>concessionem,</span> <span class='ocrx_word' id='word_1_335' title='bbox 1398 2768 1785 2817; x_wconf 88' lang='lat' dir='ltr'>confirmacionem,</span> <span class='ocrx_word' id='word_1_336' title='bbox 1828 2772 1872 2807; x_wconf 80' lang='lat' dir='ltr'>et.</span> 
     </span>
     <span class='ocr_line' id='line_1_59' title="bbox 355 2823 1869 2887; baseline 0.008 -30"><span class='ocrx_word' id='word_1_337' title='bbox 355 2823 612 2871; x_wconf 64' lang='lat' dir='ltr'>warenniam,</span> <span class='ocrx_word' id='word_1_338' title='bbox 634 2838 738 2876; x_wconf 81' lang='lat' dir='ltr'>quas</span> <span class='ocrx_word' id='word_1_339' title='bbox 772 2826 963 2880; x_wconf 76' lang='lat' dir='ltr'>Rogerus</span> <span class='ocrx_word' id='word_1_340' title='bbox 986 2830 1098 2870; x_wconf 85' lang='lat' dir='ltr'>filius</span> <span class='ocrx_word' id='word_1_341' title='bbox 1132 2832 1287 2887; x_wconf 86' lang='lat' dir='ltr'>Rogeri</span> <span class='ocrx_word' id='word_1_342' title='bbox 1321 2832 1374 2871; x_wconf 91' lang='lat' dir='ltr'>de</span> <span class='ocrx_word' id='word_1_343' title='bbox 1408 2831 1586 2884; x_wconf 80' lang='lat' dir='ltr'>Stodlay</span> <span class='ocrx_word' id='word_1_344' title='bbox 1606 2844 1679 2884; x_wconf 90' lang='lat' dir='ltr'>per</span> <span class='ocrx_word' id='word_1_345' title='bbox 1710 2833 1869 2870; x_wconf 85' lang='lat' dir='ltr'>cartam</span> 
     </span>
     <span class='ocr_line' id='line_1_60' title="bbox 355 2884 1869 2947; baseline 0.009 -28"><span class='ocrx_word' id='word_1_346' title='bbox 355 2896 471 2922; x_wconf 75' lang='lat' dir='ltr'>suam</span> <span class='ocrx_word' id='word_1_347' title='bbox 515 2884 610 2924; x_wconf 68' lang='lat' dir='ltr'>fovit</span> <span class='ocrx_word' id='word_1_348' title='bbox 655 2888 793 2927; x_wconf 82' lang='lat' dir='ltr'>eidem</span> <span class='ocrx_word' id='word_1_349' title='bbox 828 2888 1043 2944; x_wconf 84' lang='lat' dir='ltr'>hospitali,</span> <span class='ocrx_word' id='word_1_350' title='bbox 1078 2895 1131 2935; x_wconf 87' lang='lat' dir='ltr'>de</span> <span class='ocrx_word' id='word_1_351' title='bbox 1166 2909 1251 2935; x_wconf 92' lang='lat' dir='ltr'>uno</span> <span class='ocrx_word' id='word_1_352' title='bbox 1283 2895 1393 2936; x_wconf 69' lang='lat' dir='ltr'>tofto</span> <span class='ocrx_word' id='word_1_353' title='bbox 1434 2896 1480 2936; x_wconf 90' lang='lat' dir='ltr'>in</span> <span class='ocrx_word' id='word_1_354' title='bbox 1514 2894 1689 2947; x_wconf 81' lang='lat' dir='ltr'>Stodlay</span> <span class='ocrx_word' id='word_1_355' title='bbox 1725 2907 1869 2934; x_wconf 87' lang='lat' dir='ltr'>versus</span> 
     </span>
    </p>

    <p class='ocr_par' dir='ltr' id='par_1_19' title="bbox 637 2956 1582 3011">
     <span class='ocr_line' id='line_1_61' title="bbox 637 2956 1582 3011; baseline 0.001 -13"><span class='ocrx_word' id='word_1_356' title='bbox 637 2956 690 2998; x_wconf 58' lang='lat'>(1)</span> <span class='ocrx_word' id='word_1_357' title='bbox 720 2958 842 2992; x_wconf 61' lang='lat' dir='ltr'>‘&#39;³¹ll0d</span> <span class='ocrx_word' id='word_1_358' title='bbox 857 2962 865 2979; x_wconf 90' lang='lat'>‘</span> <span class='ocrx_word' id='word_1_359' title='bbox 879 2961 1083 3006; x_wconf 55' lang='lat' dir='ltr'>Essolbrig‘</span> <span class='ocrx_word' id='word_1_360' title='bbox 1102 2964 1134 2997; x_wconf 85' lang='lat' dir='ltr'>in</span> <span class='ocrx_word' id='word_1_361' title='bbox 1156 2965 1313 3011; x_wconf 66' lang='lat' dir='ltr'>Chapter</span> <span class='ocrx_word' id='word_1_362' title='bbox 1332 2966 1432 3002; x_wconf 74' lang='lat' dir='ltr'>Acts.</span> <span class='ocrx_word' id='word_1_363' title='bbox 1449 2977 1483 3010; x_wconf 84' lang='lat' dir='ltr'>p.</span> <span class='ocrx_word' id='word_1_364' title='bbox 1503 2965 1582 2999; x_wconf 79' lang='lat'>265.</span> 
     </span>
    </p>
   </div>
  </div>
 </body>
</html>
