1935 3151
124 804 231 834 Power
247 809 279 833 to

122 845 250 881 appoint

121 883 271 921 dcputics.

121 1623 186 1653 The
209 1624 297 1662 King

120 1664 180 1692 aud
197 1665 248 1692 the

120 1702 202 1731 lonis
217 1704 305 1740 spiri-

122 1742 184 1770 tual
203 1743 262 1770 ancl

121 1781 268 1818 tmnporal

121 1829 171 1847 arc
187 1825 217 1848 to
233 1821 278 1847 lwl
286 1830 302 1858 p

121 1858 172 1886 the
188 1868 288 1888 cause.

121 2323 164 2352 Sl.
183 2324 304 2362 Poivffs,

124 2362 225 2392 l’mnw.

123 2401 192 2429 ¹)⁴·C.
209 2405 235 2438 3,

125 2442 206 2469 14:11.

120 2510 185 2538 le
201 2512 289 2540 0011]-

123 2551 270 2579 missario-³·

121 2590 193 2617 svnt!
209 2591 261 2618 the

125 2626 231 2663 Pupi-'s

123 2665 254 2694 l-·tr··rt=»
266 2669 315 2696 tlw

121 2704 264 2741 Clmptr—r,

833 169 1106 204 MEMORIALS
1141 169 1198 204 OF
1235 169 1392 204 RIPON.

351 284 605 336 quantitatis
612 286 778 338 partem
787 283 832 323 in
845 295 969 336 capsa
981 282 1216 336 repertam¹
1232 283 1447 322 transacto
1459 282 1653 332 tempore
1659 281 1877 333 praedicto,

350 349 587 388 convocatis
609 347 1019 402 claves-gerentibus
1040 347 1267 399 praedictis,
1291 349 1336 385 et
1356 343 1595 384 numeratis
1616 345 1810 396 pecuniis
1831 350 1878 385 et

352 411 639 452 oblacionibus
672 409 918 464 hujusmodi
951 410 1188 462 apodissis,2
1220 423 1346 462 super
1387 407 1570 461 singulis
1613 409 1790 449 summis
1830 410 1877 449 in

352 475 532 528 singulis
566 476 699 528 capsis
735 474 930 527 repertis,
964 473 1162 513 manibus
1196 473 1431 513 eorundem
1466 471 1876 525 claves-gerencium

352 538 602 591 subscriptis
623 542 699 578 aut
730 537 1007 592 subsignatis,
1029 537 1268 577 oblaciones
1300 540 1344 577 et
1364 535 1558 589 pecuniae
1578 536 1793 589 praedictae
1823 537 1876 577 ad

352 615 502 641 manus
523 605 681 641 vestras
712 601 997 656 integraliter,
1018 599 1214 655 (realiter
1234 597 1501 655 intertincti)
1522 601 1566 639 et
1597 613 1696 639 cum
1718 599 1876 640 effectu

351 665 625 717 recipiantur,
658 665 702 703 in
730 678 832 704 usus
859 664 1079 718 religionis
1110 663 1361 718 hujusmodi
1392 664 1715 712 convertendae;
1749 677 1877 718 super

352 728 505 780 quibus
536 728 732 767 omnibus
764 731 808 767 et
840 728 1020 782 singulis
1051 742 1098 768 ac
1119 728 1212 768 aliis
1243 729 1289 767 in
1320 727 1590 781 praenarratis
1620 726 1755 767 literis
1777 741 1877 767 con-

351 792 512 840 tentis3
544 805 709 831 necnon
730 793 864 831 eciam
895 792 986 832 loco
1007 795 1197 832 vestrum
1228 792 1332 832 alios
1364 805 1463 831 cum
1493 791 1739 831 omnimoda
1757 791 1876 832 vobis

351 868 547 894 concessa
567 855 769 894 facultate
791 859 836 895 et
857 858 1089 908 potestate,
1111 856 1313 909 quociens
1334 858 1595 908 oportunum
1615 855 1734 895 vobis
1757 855 1876 896 vide-

351 918 467 958 bitur
497 919 785 958 constituendi
817 922 861 958 et
900 919 990 959 loco
1020 924 1213 959 vestrum
1243 922 1319 959 aut
1348 919 1524 958 alterius
1555 932 1607 958 ex
1637 918 1755 958 vobis
1777 932 1877 959 cum

351 981 482 1021 simili
513 986 588 1021 aut
620 982 806 1021 limitata
835 985 1049 1035 potestate
1081 983 1333 1037 deputandi,
1354 983 1543 1036 ipsisque
1576 982 1636 1021 sic
1657 982 1876 1035 deputatis

351 1045 454 1084 alios
470 1045 594 1098 juxta
616 1045 795 1085 formam
817 1049 861 1085 et
881 1046 1133 1087 facultatem
1156 1048 1217 1087 eis
1246 1060 1271 1086 a
1300 1047 1419 1086 vobis
1444 1047 1717 1086 commissam
1738 1047 1876 1086 eciam

350 1110 703 1162 quandocumque
737 1110 1045 1161 substituendi,
1081 1112 1308 1164 omniaque
1349 1110 1432 1150 alia
1472 1113 1518 1149 et
1559 1109 1728 1164 singula
1767 1110 1877 1150 circa

350 1172 526 1212 totalem
548 1173 751 1213 effectum
772 1177 816 1213 et
838 1175 1152 1225 execucionem,
1174 1178 1264 1214 tam
1285 1174 1584 1228 praedictarum
1615 1187 1743 1227 quam
1769 1188 1876 1227 prae-

351 1237 556 1287 sencium,
579 1240 623 1276 et
644 1251 1010 1291 quarumcumque
1033 1239 1168 1278 eciam
1188 1238 1368 1278 aliarum
1390 1238 1613 1278 literarum
1634 1240 1875 1277 nostrarum

350 1314 443 1353 quae
464 1301 574 1339 circa
593 1302 808 1353 praemissa
833 1303 1128 1343 emanaverint
1150 1316 1226 1343 seu
1255 1303 1302 1343 in
1332 1302 1531 1342 futurum
1561 1301 1741 1341 forsitan
1762 1315 1876 1342 ema-

351 1364 517 1403 nabunt
556 1366 792 1405 necessaria
824 1369 870 1405 et
909 1370 1134 1419 oportuna,
1161 1366 1289 1421 juxta
1330 1380 1477 1407 eorum
1508 1366 1799 1406 cont-inencias
1830 1369 1876 1406 et

351 1430 534 1477 tenores,
568 1430 820 1482 exequendi,
851 1430 1119 1483 disponendi,
1151 1429 1358 1485 (faciendi
1389 1427 1655 1485 interlined)
1687 1432 1730 1469 et
1761 1430 1874 1470 ordi-

351 1491 495 1540 nandi,
516 1492 699 1544 plenam,
716 1492 906 1543 liberam,
923 1498 969 1534 et
990 1495 1280 1535 omnimodam
1296 1495 1551 1534 auctoritate
1568 1493 1810 1546 Apostolica
1831 1497 1875 1533 et

351 1568 401 1593 ex
432 1558 547 1594 certa
580 1556 761 1595 sciencia
800 1560 948 1597 tenore
980 1559 1262 1610 praesencium
1298 1558 1571 1598 concedimus
1610 1556 1874 1597 facultatem.

352 1618 407 1657 Et
428 1618 615 1671 insuper,
636 1623 685 1659 ut
706 1633 781 1659 nos
802 1621 1024 1675 condignis
1046 1621 1260 1662 favoribus
1293 1626 1338 1662 et
1365 1621 1536 1661 auxiliis
1559 1621 1698 1674 adJuti
1719 1621 1874 1661 melius

351 1684 393 1720 et
425 1683 564 1721 tucius
586 1684 696 1722 circa
726 1685 942 1736 praemissa
963 1699 1111 1725 vacare
1142 1687 1331 1739 possitis,
1354 1686 1618 1726 carissimum
1639 1686 1684 1724 in
1707 1683 1874 1725 Christo

351 1744 487 1784 filium
524 1750 717 1786 nostrum
752 1746 1012 1802 (Henricum
1045 1747 1312 1805 interlincd)
1345 1763 1492 1804 regem
1528 1749 1795 1802 praedictum,
1829 1752 1874 1789 et

351 1813 523 1851 caeteros
545 1811 721 1851 dilectos
744 1812 851 1853 filios
873 1814 1085 1868 principes
1109 1815 1351 1869 spirituales
1373 1818 1418 1855 et
1445 1814 1700 1868 temporales
1721 1813 1873 1853 harum

351 1874 456 1912 serie
479 1876 733 1927 requirimus
758 1881 801 1916 et
823 1877 866 1916 in
885 1877 1069 1918 Domino
1091 1878 1380 1929 exhortamur,
1397 1879 1602 1932 quatinus
1622 1878 1738 1917 vobis
1759 1891 1872 1917 com-

350 1937 550 1977 missariis
571 1940 726 1978 nostris
748 1941 962 1993 praedictis
984 1945 1028 1981 et
1049 1956 1123 1995 per
1145 1957 1217 1983 vos
1239 1943 1459 1996 deputatis
1481 1946 1526 1982 et
1548 1942 1795 1982 substitutis
1823 1944 1873 1981 ut

350 2001 584 2052 praefertur,
594 2003 639 2042 in
648 2004 875 2056 praemissis
886 2007 1145 2059 exequendis
1156 2021 1302 2047 eorum
1311 2007 1530 2060 praebeant
1542 2006 1764 2055 auxilium,
1775 2019 1873 2046 con-

351 2063 508 2115 silium,
518 2069 561 2105 et
571 2065 982 2120 favorem,quociens
1000 2084 1072 2110 vos
1079 2075 1319 2123 pervosaut
1329 2071 1447 2122 alios,
1458 2084 1528 2110 eos
1542 2073 1687 2110 nostro
1700 2069 1871 2109 nomine

349 2126 555 2168 duxeritis
584 2131 872 2182 requirendos,
904 2133 1004 2173 inde
1034 2134 1295 2187 Sempiterni
1321 2136 1401 2175 Dei
1426 2136 1471 2174 in
1499 2133 1631 2188 Cujus
1658 2134 1871 2186 obsequiis

348 2203 563 2231 versamur
584 2194 785 2233 meritum
808 2199 851 2234 et
873 2199 1025 2237 nostrae
1046 2198 1342 2238 retribucionis
1374 2199 1560 2252 graciam
1590 2198 1871 2250 imposterum

348 2253 630 2296 infallibiliter
670 2260 897 2311 recepturi.
960 2260 1065 2301 DAT.
1109 2262 1253 2302 ROMAE
1289 2263 1402 2316 apud
1440 2262 1647 2303 Sanctum
1679 2261 1870 2311 Petrum,

349 2317 470 2356 Anno
490 2319 797 2361 Incarnacionis
814 2322 1046 2364 Dominicae
1064 2326 1296 2366 Millesimo
1310 2326 1732 2381 quadringentesimo
1746 2325 1871 2378 quin-

349 2382 594 2433 quagesimo
616 2389 779 2436 quarto,
801 2388 932 2427 tercio
963 2402 1095 2429 nonas
1128 2390 1397 2441 Decembres,
1430 2389 1703 2444 pontificatus
1735 2389 1869 2428 nostri

349 2456 458 2482 anno
480 2450 640 2485 cerave.

438 2506 620 2551 Cl'MQUE
642 2524 716 2549 nos
739 2511 950 2553 Robcrtus
972 2518 1016 2553 ct
1037 2515 1255 2557 Johannes
1287 2518 1496 2571 praedicti,
1517 2517 1612 2556 aliis
1644 2514 1868 2568 praepediti

351 2571 550 2623 negociis,
565 2586 727 2613 necnon
751 2578 920 2628 propter
941 2577 1129 2619 locorum
1151 2581 1380 2621 distancias
1403 2584 1447 2621 et
1468 2585 1713 2633 temporum
1734 2578 1869 2631 quali-

350 2636 475 2683 tates,
516 2636 746 2676 earundem
787 2638 1006 2680 literarum
1047 2643 1387 2696 Apostolicarum
1428 2644 1728 2685 exccucionem
1769 2655 1867 2694 per-

351 2697 549 2736 sonaliter
571 2713 717 2739 vacare
739 2715 821 2740 non
846 2704 1068 2755 possimus,
1091 2707 1142 2746 de
1170 2710 1324 2749 nostris
1351 2713 1395 2749 et
1424 2712 1614 2748 vestrum
1635 2705 1868 2759 cujuslibet

350 2760 573 2811 probitate,
610 2762 707 2813 fule,
737 2768 781 2803 ct
809 2766 1190 2820 circumspeccione
1221 2772 1390 2824 plenius
1418 2772 1580 2820 confisi,
1611 2769 1865 2810 auctoritate

677 2852 707 2891 (l
724 2860 731 2889 )
760 2852 834 2886 MS.
854 2853 918 2887 has
935 2856 942 2872 ‘
957 2860 1158 2900 repartam!

677 2905 730 2943 (2)
761 2904 987 2949 1⁴]xperi111e11t
1007 2920 1045 2941 (η’
1063 2911 1301 2947 examination
1319 2927 1324 2952 ;
1353 2912 1534 2956 ἀπόδειξις.
