1935 3151
566 120 792 152 ommutui
831 118 1117 151 DOCUMEN'I'S.

78 250 237 286 rorum,
270 235 504 275 secundum
540 233 718 273 formam
752 231 1049 280 ordinacionis,
1081 229 1419 283 composicionis,
1452 233 1490 267 et
1517 241 1615 266 con-

79 301 260 341 dicionis
294 313 366 352 per
398 312 472 337 nos
504 298 770 337 Willelmum
805 300 849 335 et
878 295 1147 335 willelmum
1180 295 1249 348 pia
1282 293 1508 333 devocione
1543 305 1616 345 pro

81 364 187 404 dicti
230 363 441 417 capellani
484 366 527 402 et
571 376 742 401 suorum
782 373 1071 400 successorum
1111 358 1430 399 sustentacione
1460 358 1619 409 imper-

82 432 281 483 petuum,
305 428 642 480 invencioneque
666 430 705 466 et
733 425 1055 479 supportacione
1074 424 1408 477 subscriptorum
1424 434 1618 470 onerum,

85 493 296 534 factorum
328 493 372 532 in
395 491 531 531 forma
563 491 760 546 sequenti
791 494 834 530 et
867 490 1173 529 ordinatorum.
1236 487 1452 527 Nox-eritis
1484 486 1619 526 eciam

83 571 160 597 nos
196 556 464 596 VVillelmum
510 559 551 595 et
595 555 864 594 Willelmum
905 554 958 593 de
1000 554 1179 593 licencia
1220 552 1415 606 ejusdem
1458 549 1621 590 domini

85 622 221 662 nostri
262 621 375 675 regis
416 624 468 659 ut
517 619 756 673 praefertur,
798 632 963 658 necnon
1016 618 1211 657 omnium
1261 620 1305 656 et
1349 614 1621 670 singulorum

83 699 264 740 quorum
295 686 502 724 intererat
522 685 567 724 in
600 682 678 723 hac
711 687 831 736 parte
864 683 1071 736 expressis
1093 695 1286 731 assensu,
1318 679 1556 728 voluntate,
1579 681 1625 718 et

83 763 308 799 consensu,
330 749 496 789 dedisse
519 753 564 788 et
584 747 663 788 hac
685 748 875 801 presenti
896 751 1009 786 carta
1032 750 1175 786 nostra
1188 745 1391 798 bipartita
1412 747 1457 783 et-
1473 742 1626 782 inden-

83 818 176 854 tata
196 813 466 861 concessisse,
488 812 740 866 assignasse,
763 814 806 851 et
837 825 912 864 pro
943 814 1152 864 perpetuo
1183 809 1453 849 confirmasse
1477 806 1627 847 Omni-

85 878 253 932 potenti
276 877 367 916 Deo
387 890 435 916 ac
458 877 723 916 Beatissimae
746 875 915 929 Virgini
939 875 1087 914 Mariae
1110 874 1241 913 Matri
1261 873 1372 922 Suae,
1389 886 1436 912 ac
1454 871 1627 912 domino

86 941 276 984 ,Iohanni
301 942 354 981 de
384 940 543 990 Grene,
575 940 794 993 capellano
826 940 878 979 de
912 939 1014 978 villa
1046 938 1198 992 Ripon’
1230 937 1426 986 oriundo,
1454 936 1627 988 suisque

86 1006 245 1046 futuris
283 1005 596 1044 successoribus
633 1003 863 1057 capellanis
896 1004 1217 1056 imperpetuum
1251 1001 1431 1054 singulis
1463 999 1629 1044 diebus,

88 1074 282 1111 cessante
314 1069 628 1122 impedimento
660 1069 873 1122 legitimo,
895 1068 1046 1107 missas
1069 1071 1110 1107 et
1134 1067 1217 1106 alia
1243 1067 1397 1106 Divina
1420 1064 1555 1103 officia
1576 1063 1630 1102 ad

88 1135 221 1175 altare
255 1134 507 1188 praedictum
539 1134 584 1172 in
616 1133 731 1172 dicta.
753 1132 929 1172 ecclesia
951 1131 1104 1184 Ripon’
1124 1130 1416 1179 celebraturis,
1439 1129 1629 1182 quinque

90 1199 322 1252 mesuagia,
360 1201 542 1252 quatuor
576 1197 756 1251 cotragia‚
789 1200 833 1236 et
864 1196 1066 1236 undecim
1098 1209 1214 1235 acras
1246 1199 1370 1234 terrae
1407 1207 1505 1233 cum
1534 1206 1631 1246 per-

89 1263 294 1303 tinenciis
316 1263 361 1301 in
385 1261 485 1301 villa
507 1261 559 1301 de
583 1261 735 1314 Ripon’
757 1265 801 1300 et
824 1260 863 1299 N
867 1260 1002 1300 orton’
1024 1258 1077 1300 in
1100 1257 1166 1299 the
1188 1257 1306 1311 dgyrt.
1328 1272 1422 1311 quae
1445 1257 1497 1297 de
1530 1270 1631 1310 rege

91 1341 177 1369 non
194 1330 400 1366 tenentur
422 1327 467 1365 in
489 1326 628 1378 capite
648 1340 658 1373 3
692 1324 903 1364 Habenda
923 1324 1111 1364 tenenda
1132 1328 1173 1363 et
1198 1322 1454 1376 possidenda
1476 1322 1635 1374 imper-

93 1395 290 1446 petuum,
312 1394 440 1444 prout
460 1391 505 1429 in
528 1390 641 1429 dicta.
662 1389 838 1428 licencia
862 1389 979 1443 regia
999 1388 1169 1442 plenius
1201 1391 1264 1427 est
1297 1399 1558 1439 expressum,
1581 1385 1634 1424 dc

94 1455 348 1510 capitalibus
384 1454 571 1494 dominis
614 1453 727 1494 feodi
758 1453 931 1492 illorum
962 1466 1036 1506 per
1069 1452 1247 1492 servicia
1278 1451 1423 1491 debita
1457 1454 1501 1489 et
1537 1463 1636 1489 con-

97 1524 233 1561 sueta.
295 1519 506 1559 Volumus
527 1519 703 1571 insuper
725 1521 770 1557 et
792 1517 1039 1557 ordinamus
1071 1517 1184 1570 quod
1210 1515 1411 1570 praefatus
1434 1515 1635 1555 dominus

97 1586 125 1627 J
127 1584 318 1626 ohannes
342 1585 395 1624 de
425 1584 584 1634 Grene,
607 1583 868 1637 capellanUS,
892 1586 936 1623 et
962 1583 1029 1622 sui
1051 1595 1329 1632 successores,
1352 1581 1489 1621 futuri
1510 1581 1635 1620 dictae

95 1650 296 1690 cantariae
323 1648 549 1702 capellani,
571 1662 720 1688 omnes
754 1652 798 1687 et
828 1648 987 1701 singuli
1018 1661 1094 1701 pro
1125 1646 1349 1687 animabus
1382 1645 1560 1685 Roberti
1592 1648 1637 1684 et

97 1715 126 1755 J
128 1713 307 1754 ohannae
329 1717 373 1752 et
394 1726 470 1766 pro
493 1712 650 1752 salubri
683 1716 798 1752 statu
822 1717 867 1751 ut
892 1712 1131 1765 praefertur,
1154 1725 1201 1751 ac
1233 1709 1458 1750 animabus
1491 1722 1638 1761 supra-

98 1778 240 1827 dictis,
262 1777 412 1816 missas
450 1779 495 1815 et
530 1776 613 1815 alia
642 1776 799 1816 Divina
835 1777 887 1816 ad
924 1776 1057 1816 altare
1093 1775 1345 1829 praedictum
1379 1775 1424 1813 in
1460 1772 1639 1813 ecclesia

82 1842 304 1896 ,praedicta
327 1840 509 1895 singulis
533 1840 699 1889 diebus,
721 1844 913 1880 cessante
936 1840 1249 1893 impedimento
1281 1839 1492 1893 legitimo,
1515 1837 1640 1876 modo

100 1907 247 1948 debito
269 1906 593 1958 imperpetuum
615 1905 848 1945 celebrabit
870 1908 914 1944 et
936 1904 1230 1954 celebrabunt,
1252 1906 1381 1956 prout
1396 1902 1478 1955 ipsi
1502 1901 1641 1954 capel-

102 1972 189 2011 lani
212 1983 360 2010 omnes
393 1973 437 2009 et
470 1969 632 2023 singuli
662 1983 738 2022 pro
771 1970 858 2008 suis
889 1969 1155 2022 temporibus
1184 1968 1340 2008 melius
1362 1971 1406 2006 et
1428 1966 1641 2006 salubrius

103 2034 291 2074 viderint
313 2033 529 2086 expedire,
551 2033 612 2072 ita
626 2033 739 2086 quod
757 2033 889 2072 semel
906 2033 951 2072 in
966 2033 1206 2086 septimana
1222 2031 1274 2071 ad
1292 2032 1437 2070 minus
1453 2029 1641 2074 celebret

102 2102 148 2139 et
168 2098 385 2138 celebrent
409 2098 585 2137 missam
606 2111 682 2150 pro
703 2096 920 2137 defunctis
943 2096 1186 2150 specialem,
1208 2109 1255 2135 ac
1276 2095 1390 2135 dicat.
1422 2097 1463 2133 et
1496 2093 1642 2132 dicant

102 2162 288 2217 quilibet
311 2161 545 2202 eorundem
570 2161 752 2216 singulis
771 2161 923 2201 diebus
945 2162 1097 2201 devote
1112 2157 1295 2200 Placebo
1311 2162 1353 2198 et
1368 2156 1527 2209 Diriqe
1543 2170 1641 2197 cum

104 2226 487 2268 Commendacione
512 2226 649 2276 solita,
671 2226 754 2265 nisi
778 2225 888 2265 forte
921 2226 1063 2278 aliqua
1094 2238 1218 2264 causa
1251 2223 1452 2278 legitima
1481 2222 1641 2275 absque

103 2296 252 2332 tamen
274 2290 371 2331 dolo
393 2290 461 2330 vel
484 2289 660 2330 ficcione
682 2289 843 2330 fuerint
866 2291 1038 2344 gravius
1071 2288 1269 2342 impediti
1302 2301 1378 2327 seu
1408 2286 1643 2339 impeditus

104 2355 238 2395 fuerit
268 2354 423 2407 aliquis
456 2354 707 2402 eorundem,
748 2357 975 2407 postquam
1008 2353 1150 2393 dictus
1184 2352 1381 2392 dominus
1423 2349 1643 2391 Johannes

107 2420 161 2460 de
184 2419 327 2460 Grene
349 2418 597 2472 capellanus
618 2432 666 2458 ac
687 2419 971 2471 quiscumque
993 2418 1102 2457 alius
1126 2430 1227 2456 suus
1261 2429 1472 2455 successor
1494 2413 1645 2468 hujus-

108 2483 226 2523 modi
266 2482 466 2521 cantariae
499 2481 746 2534 capellanus
777 2481 981 2521 inductus
1022 2481 1154 2521 fuerit
1187 2481 1232 2520 in
1270 2479 1419 2519 eadem
1456 2478 1645 2517 cantaria

107 2546 280 2600 pacifice
299 2548 343 2585 et
359 2546 521 2599 quiete.
574 2545 832 2586 ordinamus
850 2545 985 2585 eciam
1003 2548 1048 2585 et
1064 2545 1275 2594 volumus,
1292 2543 1405 2596 quod
1422 2542 1645 2595 quociens-

106 2623 292 2663 cumque
315 2613 359 2649 et
389 2609 744 2663 quandocumque
776 2610 937 2649 dictam
969 2610 1203 2649 cantariam
1236 2621 1381 2647 vacare
1413 2605 1645 2658 contigerit

106 2673 326 2727 perpetuis
376 2672 535 2712 futuris
585 2673 866 2726 temporibus,
907 2673 1021 2727 quod
1061 2673 1170 2713 bene
1213 2672 1360 2712 licebit
1400 2668 1646 2725 (simpevqoe-

108 2735 294 2792 tuum¹)
335 2737 523 2790 capitulo
554 2737 679 2777 dictae
721 2737 909 2778 ecclesiae
952 2737 1104 2791 Ripon'
1146 2736 1328 2791 singulis
1365 2734 1645 2776 ‘vacacionum

108 2799 375 2854 temporibus
417 2800 576 2841 dictam
612 2802 845 2841 cantariam
875 2801 929 2842 ad
959 2801 1093 2841 altare
1127 2800 1393 2854 praedictum,
1425 2796 1494 2838 vel
1529 2795 1647 2838 aliud

710 2881 765 2924 (1)
793 2879 1000 2914 Interlined.

853 2952 881 2974 u
904 2943 922 2973 2

1754 98 1844 144 163

1666 1129 1741 1158 Five
1757 1137 1836 1157 mes-

1665 1168 1867 1203 suages,f‹›ur

1666 1211 1816 1242 cottages,

1667 1248 1729 1277 and
1745 1247 1853 1275 cleven

1668 1296 1753 1316 acres
1768 1286 1802 1314 os

1668 1326 1753 1361 land,
1768 1331 1826 1354 etc.

1672 1522 1784 1552 Duties

1670 1563 1704 1591 of
1722 1562 1774 1590 the

1671 1601 1828 1638 cliaplain.

1676 2036 1720 2065 To
1736 2036 1811 2065 cele-

1676 2076 1762 2105 brate
1779 2076 1831 2104 the

1677 2125 1759 2144 mass
1775 2115 1821 2143 for

1677 2156 1729 2183 the
1745 2155 1824 2183 dead

1676 2203 1750 2222 once
1764 2203 1778 2221 a
1792 2193 1875 2222 wcek

1677 2238 1709 2261 at
1727 2234 1813 2262 least.

1677 2273 1738 2301 aud
1755 2272 1842 2310 dail-V

1677 2321 1731 2349 say
1749 2312 1819 2340 Pla-

1677 2352 1761 2385 ccbo,
1776 2356 1835 2380 etc.

1677 2552 1744 2580 The
1761 2551 1865 2589 Chap-

1679 2596 1727 2619 ter
1745 2598 1775 2619 10

1679 2631 1841 2659 nominate

1680 2670 1773 2698 when
1792 2669 1880 2698 there

1681 2710 1707 2738 is
1724 2718 1741 2737 a
1757 2718 1810 2737 va-

1681 2756 1791 2785 caney,
1806 2751 1839 2777 to

1681 2787 1734 2817 the
1749 2786 1820 2817 said
