1935 3151
98 158 194 203 224

95 290 154 319 but
172 289 224 318 {he

96 329 176 366 king
191 329 257 357 sede

97 373 231 397 vacante.

96 408 163 436 The
178 408 245 444 site,

97 447 196 476 called

98 486 236 515 Dunsoe-

96 526 187 554 with.

96 564 173 593 Fuel
189 564 251 593 and

96 613 241 632 common

97 644 185 677 right
201 643 234 671 in

96 681 214 710 North-

95 721 200 756 scogh.

97 760 194 789 Graiu

96 799 196 828 worth
213 800 274 828 ⁴20s.

96 847 151 876 per
166 848 236 867 ann.

96 881 150 906 out
165 878 199 906 of
211 878 284 915 Rip-

96 917 188 946 shire.

95 955 141 984 To
157 956 221 984 find
237 966 255 984 a

96 995 252 1032 chaplain,

96 1035 158 1063 and
173 1035 293 1063 sustain

95 1073 192 1110 lepers
208 1075 284 1102 born

95 1112 128 1141 in
139 1112 294 1151 Ripshire.

96 1251 125 1280 A
141 1251 249 1288 leper's

96 1292 244 1328 garment

94 1330 194 1359 called
215 1330 294 1366 Bab,

95 1372 155 1398 etc.

96 1440 190 1469 Flesh
207 1441 286 1479 days

97 1481 159 1508 and
174 1480 232 1508 fish

96 1519 176 1557 days
191 1520 238 1548 for

95 1559 151 1587 the
166 1559 275 1596 lepers.

97 1597 296 1635 Augmenta-

98 1637 181 1665 tions
195 1637 275 1666 from

97 1675 200 1712 Ripon

95 1714 209 1744 Fields.

96 1762 232 1801 Newby.

97 1825 234 1855 Ilketon.

96 2010 264 2042 Mulwath.

97 2133 252 2163 WVhether

96 2174 149 2201 the
165 2174 273 2210 chapel

97 2212 135 2240 be
149 2213 234 2241 dedi-

95 2252 185 2280 cated
200 2252 213 2280 Ρ

96 2289 223 2320 Burials

96 2329 193 2359 there.

95 2399 209 2428 Manor
224 2401 257 2430 of

95 2438 228 2478 Studlcy

94 2477 207 2516 Roger.

92 2779 202 2810 Tithes
216 2783 271 2810 not

812 168 1090 202 MEMORIALS
1125 168 1183 201 OF
1220 169 1379 203 RIPON.

332 281 499 335 Ripon',
521 282 596 335 qui
618 283 793 322 vocatur
814 279 1107 330 Dunscewith,
1130 281 1242 320 sicut
1267 279 1506 320 includitur
1527 280 1712 333 fossatis,
1736 295 1864 336 super

331 360 416 399 qua
436 346 642 386 fundatur
663 345 873 398 hospitale
906 345 1173 397 praedictum,
1196 348 1241 384 et
1262 345 1377 384 valet
1397 358 1473 397 per
1502 358 1665 385 annum
1687 350 1862 386 centurn

333 410 500 449 solidos.
563 410 679 449 Item
707 409 830 449 dedit
858 409 974 448 dicto
1006 407 1207 461 hospitali
1229 422 1361 448 unam
1382 412 1639 449 carectatam
1666 409 1735 449 vel
1757 409 1863 450 duas

330 476 561 513 carectatas
593 473 709 513 bosci
740 473 792 512 de
824 470 1111 526 Northscogh,
1132 486 1208 525 pro
1228 472 1368 523 focali,
1399 472 1591 525 qualibet
1623 474 1863 526 septimana

331 538 603 590 optinendas,
626 541 671 576 et
691 540 913 590 pasturam
933 537 979 575 in
1000 549 1126 589 parco
1148 536 1201 575 de
1223 536 1264 575 N
1266 535 1497 591 orthscogh
1522 537 1573 576 ad
1594 540 1689 576 octo
1717 537 1862 588 boves,

330 601 478 640 decem
509 614 670 651 vaccaS,
701 614 839 640 unum
869 603 1057 649 taurum,
1089 600 1278 653 quinque
1311 614 1421 650 sues,
1452 614 1551 640 cum
1585 600 1756 654 sequela
1787 615 1862 640 sua

330 665 466 704 trium
487 678 723 712 annorum3
755 664 809 704 de
831 664 971 717 precio
999 666 1146 703 tamen
1171 667 1355 717 pasturae
1384 662 1520 703 nichil
1542 665 1685 703 sciunt
1706 665 1860 705 dicere.

331 729 445 768 Item
460 728 626 767 dictum
639 727 850 781 hospitale
865 727 1064 767 dotatum
1078 727 1162 767 fuit
1175 742 1250 780 per
1267 728 1453 783 eundem
1469 727 1861 781 Archiepiscopum,

329 793 382 831 ad
403 792 732 845 percipiendum
753 792 807 832 de
821 791 1014 845 qualibet
1031 795 1228 831 carucata
1240 796 1364 832 terrae
1379 792 1549 832 arabilis
1563 793 1610 831 in
1625 791 1861 845 Ripschire‚

330 870 462 896 unam
483 860 651 896 travam
672 858 725 897 de
747 857 941 909 quolibet
962 870 1119 910 genere
1144 856 1381 906 bladorum,
1404 860 1449 897 et
1470 856 1583 897 valet
1604 870 1680 910 per
1700 871 1862 897 annum

330 922 488 975 viginti
520 921 691 972 solidos,
720 934 815 974 quae
846 921 989 960 omnia
1020 920 1173 960 collata
1203 920 1382 961 fuerunt
1413 921 1551 974 primo
1584 921 1795 961 sororibus
1817 921 1861 960 in

329 985 444 1025 dicto
457 984 675 1038 hospitali,
690 985 811 1038 quasi
826 985 1024 1038 religiose
1039 985 1299 1035 viventibus,
1313 985 1366 1024 ad
1379 985 1690 1025 inveniendum
1712 998 1862 1038 quem-

330 1049 429 1089 dam
460 1049 743 1102 capellanum,
766 1049 923 1088 Divina
949 1049 996 1087 in
1019 1048 1169 1088 eodem
1190 1047 1394 1102 hospitali
1415 1049 1720 1099 celebrantem,
1743 1052 1789 1088 et
1809 1049 1862 1089 ad

331 1113 664 1152 sustentandum
686 1126 835 1152 omnes
856 1112 1041 1165 leprosos
1059 1113 1104 1151 in
1121 1111 1346 1165 Ripschire
1360 1115 1600 1165 procreatos
1618 1115 1662 1152 et
1674 1113 1860 1166 genitos,

328 1177 381 1216 ad
412 1176 579 1216 dictum
615 1175 828 1229 hospitale
865 1176 1104 1226 venientes,
1139 1180 1183 1216 et
1220 1176 1273 1216 ad
1310 1176 1645 1215 ministrandum
1681 1177 1860 1217 cuilibet

329 1240 594 1294 leprosorum
616 1254 753 1280 unum
779 1240 1102 1291 indumentum,
1125 1241 1237 1293 quod
1259 1241 1418 1280 dicitur
1440 1238 1548 1290 Bak,
1572 1244 1617 1280 et
1637 1241 1722 1280 duo
1743 1242 1860 1294 paria

331 1305 584 1344 sotularium
624 1318 700 1357 per
741 1318 917 1354 annum,
962 1307 1007 1344 et
1048 1304 1242 1357 quolibet
1283 1304 1353 1344 die
1394 1318 1532 1344 unum
1573 1318 1743 1357 panem,
1784 1319 1859 1358 pro

330 1369 650 1408 sustentacione
683 1369 813 1408 unius
846 1367 1032 1408 hominis
1067 1368 1366 1419 sufficientem,
1402 1369 1627 1408 dimidiam
1661 1368 1859 1422 laganam

330 1433 533 1483 cervisiae,
570 1446 701 1472 unam
742 1432 942 1472 nocium¹
973 1433 1110 1471 carnis
1147 1432 1217 1472 die
1253 1433 1462 1482 carnium,
1501 1436 1546 1472 et
1586 1433 1669 1472 tria
1709 1433 1859 1472 allecia

330 1496 526 1549 quolibet
557 1496 627 1535 die
659 1496 857 1549 piscium.
919 1496 976 1535 Et
1006 1499 1168 1549 postea,
1199 1496 1252 1535 ad
1295 1497 1697 1550 augmentacionem
1732 1497 1859 1536 dictae

332 1560 589 1610 elemosinae,
611 1560 723 1599 datae
753 1559 932 1599 fuerunt
953 1573 1027 1612 per
1058 1558 1246 1599 diversos
1277 1558 1473 1600 homines
1506 1560 1621 1599 dicto
1653 1559 1857 1613 hospitali

330 1624 489 1678 viginti
510 1628 693 1677 quatuor
715 1637 820 1663 acrae
842 1627 967 1663 terrae
988 1624 1034 1663 in
1050 1624 1212 1676 campis
1234 1624 1286 1664 de
1308 1624 1476 1677 Ripon',
1500 1638 1595 1677 quae
1617 1625 1762 1664 valent
1782 1638 1858 1677 per

329 1703 491 1729 annum
513 1689 693 1743 triginta
725 1702 796 1728 sex
819 1689 940 1728 solid.
962 1690 1147 1742 argenti,
1171 1693 1214 1728 et
1235 1702 1404 1728 annuus
1435 1689 1629 1729 redditus
1653 1703 1725 1729 sex
1745 1703 1856 1729 mar—

329 1766 475 1792 carum
503 1753 550 1792 in
578 1753 689 1792 villis
715 1751 870 1805 Ripon’
899 1755 944 1792 et
977 1752 1147 1806 Neuby.
1208 1753 1338 1802 Item,
1375 1753 1508 1792 tercia
1539 1767 1633 1806 pars
1660 1753 1771 1793 villae
1802 1754 1856 1793 de

329 1816 541 1867 Ilketone,
575 1831 674 1857 cum
705 1817 984 1870 pertinenciis
1018 1817 1118 1856 data
1149 1816 1236 1856 fuit
1271 1817 1385 1858 dicto
1413 1815 1629 1869 hospitali,
1658 1817 1710 1856 ad
1739 1817 1857 1856 inve-

328 1881 538 1920 niendum
570 1881 787 1934 quendam
809 1881 1081 1934 capellanum
1112 1880 1401 1921 celebrantem
1423 1880 1585 1920 ibidem
1616 1894 1692 1933 pro
1713 1881 1857 1920 anima

328 1944 552 1984 willielmi
592 1946 644 1985 de
678 1945 910 1998 Homelyn,
953 1959 1047 1998 quae
1080 1959 1175 1998 pars
1212 1945 1329 1984 valet
1363 1958 1438 1997 per
1470 1958 1632 1984 annum
1674 1948 1857 1997 quatuor

328 2008 470 2048 libras.
532 2009 662 2060 Item,
684 2010 925 2049 manerium
947 2010 999 2049 de
1022 2007 1314 2059 Mullewathe,
1335 2022 1434 2048 cum
1456 2009 1732 2061 pertinenciis
1756 2009 1856 2059 suis,

328 2076 393 2112 est
415 2073 681 2126 adquisitum
703 2073 818 2113 dicto
838 2072 1056 2126 hospitali,
1071 2073 1184 2126 quod
1207 2073 1323 2112 valet
1347 2086 1423 2125 per
1444 2086 1607 2111 annum
1628 2072 1855 2111 duodecim

328 2150 502 2177 marcas.
564 2138 678 2176 Item
700 2137 864 2186 dicunt,
887 2137 999 2190 quod
1020 2150 1074 2176 an
1096 2137 1257 2190 capella
1278 2137 1383 2176 dicti
1415 2134 1638 2189 hospitalis
1660 2136 1856 2176 dedicata

327 2200 472 2250 fuerit,
493 2201 706 2250 nesciunt,
740 2204 806 2240 set
840 2201 1060 2253 sepultura
1087 2199 1313 2240 hominum
1335 2200 1640 2239 decedencium
1661 2200 1707 2239 in
1739 2200 1855 2239 dicto

327 2263 529 2317 hospitali
571 2263 754 2305 habetur
795 2265 971 2314 ibidem,
1006 2278 1057 2304 ex
1089 2264 1267 2304 licencia
1298 2267 1442 2303 tamen
1476 2263 1656 2315 capituli
1690 2262 1852 2316 Ripon'.

327 2328 442 2368 Item
463 2329 630 2379 dicunt,
652 2329 766 2382 quod
787 2329 815 2369 J
818 2328 1005 2369 ohannes
1028 2329 1067 2369 10
1089 2329 1311 2381 VVaryner,
1334 2328 1453 2367 dedit
1475 2328 1616 2367 eidem
1638 2326 1853 2381 hospitali,

326 2395 520 2445 tempore
552 2393 717 2432 domini
749 2393 890 2446 Regis,
922 2394 996 2446 qui
1027 2406 1142 2432 nunc
1176 2396 1256 2442 est,
1289 2392 1530 2431 manerium
1563 2392 1616 2432 de
1651 2391 1853 2445 Stodeley

326 2456 482 2509 Roget,
523 2456 576 2496 ad
617 2457 927 2496 inveniendum
960 2457 1065 2496 duos
1108 2456 1344 2509 capellanos
1377 2456 1422 2494 in
1460 2455 1610 2495 eodem
1651 2454 1853 2508 hospitali

329 2520 609 2570 celebrantes,
631 2521 723 2572 ipso
746 2521 932 2570 vivente,
966 2524 1010 2560 et
1039 2523 1136 2573 post
1157 2520 1323 2559 obitum
1347 2533 1486 2570 suum,
1508 2522 1594 2558 tres
1616 2519 1853 2572 capellanos

324 2586 534 2637 perpetuo
577 2584 875 2634 celebraturos,
920 2588 985 2624 set
1025 2584 1190 2624 dictum
1231 2582 1442 2637 hospitale
1476 2586 1677 2622 oneratur
1712 2583 1852 2622 eidem

324 2646 512 2687 Johanni
553 2648 597 2686 in
634 2647 859 2686 duodecim
893 2649 1044 2687 marcis
1077 2649 1246 2697 annuis,
1280 2648 1333 2687 ad
1371 2650 1509 2686 totam
1546 2647 1680 2686 vitam
1718 2660 1851 2687 suam.

324 2711 439 2751 Item
476 2711 640 2760 dicunt,
666 2710 779 2764 quod
808 2712 1012 2764 magister
1048 2712 1154 2751 dicti
1187 2711 1425 2764 hospitalis,
1454 2710 1528 2763 qui
1548 2724 1624 2762 pro
1659 2714 1850 2763 tempore

322 2773 469 2824 fuerit,
490 2788 576 2814 non
599 2775 726 2814 solvit
746 2774 930 2814 decimas
952 2775 1004 2814 de
1027 2775 1184 2828 placea,
1198 2789 1276 2815 nec
1293 2775 1346 2814 de
1360 2774 1483 2814 bosco
1497 2774 1548 2813 de
1562 2772 1850 2823 Dunscewith,

396 2861 452 2903 (1)
479 2861 648 2903 Ducange
665 2864 826 2904 suggests
851 2860 933 2893 that
958 2860 1030 2894 this
1055 2861 1152 2894 word
1179 2872 1262 2906 may
1287 2859 1330 2894 be
1353 2859 1546 2894 connected
1564 2859 1654 2893 with
1672 2859 1733 2892 the
1753 2859 1849 2903 Eng-

324 2912 392 2944 lish
412 2912 512 2945 Noc-k
531 2924 571 2946 01·
593 2912 724 2955 Notch,
742 2912 904 2946 incisura.
