1935 3151
86 155 182 201 204

93 865 193 895 There
211 864 237 894 is
252 874 292 893 no

95 904 211 934 church
227 913 260 932 or

95 947 221 980 oratory
237 943 270 971 in

95 983 150 1012 the
166 982 263 1011 above

97 1022 209 1059 places,

96 1060 197 1089 which
211 1060 292 1089 have

96 1099 195 1137 lately
213 1099 263 1127 be-

97 1148 180 1168 come
196 1148 244 1167 m-

96 1178 237 1207 habited.

97 1375 186 1413 They
197 1375 265 1412 join

98 1423 136 1443 on
153 1417 185 1443 to
205 1415 256 1443 the

97 1453 234 1491 prebend
246 1453 279 1482 of

100 1491 242 1530 Studley.

100 1885 195 1914 Their
209 1884 299 1913 inha-

101 1925 224 1953 bitants
236 1933 288 1952 are

102 1963 248 2000 assigned

103 2004 136 2031 to
152 2003 206 2031 the
223 2010 285 2038 pre-

102 2041 241 2078 bendary
256 2041 292 2070 of

103 2079 237 2116 Studley

103 2128 137 2147 as
153 2119 199 2147 his
214 2128 268 2156 pa-

103 2158 282 2186 rishioners.

106 2463 173 2492 The
188 2464 278 2500 great

108 2502 203 2531 times
220 2510 273 2531 are

109 2546 139 2569 to
155 2550 193 2578 go
210 2544 241 2569 to

108 2580 184 2615 him,

814 169 1090 202 MEMORIALS
1126 169 1184 201 OF
1220 169 1379 201 Rll'ON.

321 280 429 321 fines
451 283 497 321 et
517 281 679 322 limites
702 281 996 335 cujuscunque
1019 279 1269 334 parochialis
1292 280 1479 320 ecclesiae
1500 282 1666 321 notorie
1689 282 1853 321 situan-

321 348 409 396 tur,
431 349 477 385 et
498 346 556 385 sic
577 347 768 399 ipsorum
789 346 979 385 locorum
1001 346 1138 398 quoad
1161 345 1401 398 spiritualia
1422 345 1647 398 disposicio
1662 346 1789 399 plena
1801 345 1855 386 ad

323 422 401 448 nos
423 413 602 462 spectat,
619 413 748 463 prout
767 409 813 448 in
833 409 990 448 nostris
1008 412 1051 448 et
1072 409 1432 462 praedecessorum
1452 412 1696 449 nostrorum
1708 410 1858 448 visita-

325 473 521 512 cionibus
544 477 611 512 est
632 475 900 526 compertum
931 475 977 511 et
1007 485 1083 525 per
1114 486 1361 526 processum
1390 472 1639 526 legitimum
1670 472 1857 512 declara-

325 539 436 587 tum,
468 537 665 576 nonnulli
703 535 862 577 Christi
893 535 1041 576 fideles
1073 537 1299 590 utriusque
1333 550 1457 576 sexus
1489 537 1658 576 noviter
1687 537 1857 589 incepe-

325 604 428 640 runt
450 600 660 652 habitare,
681 615 728 640 ac
761 601 1060 640 ecclesiasticis
1086 602 1314 652 ministris,
1337 601 1409 640 in¹
1444 615 1548 654 quos
1572 600 1857 640 ecclesiastica

327 668 589 704 sacramenta
620 665 681 704 eis
712 664 895 704 conferri
926 667 971 704 et
1002 665 1117 704 dicta
1147 665 1283 705 officia
1313 665 1516 705 celebrari
1548 665 1748 715 debeant,
1769 678 1855 704 non

327 729 417 768 sine
439 729 557 781 gravi
580 728 775 768 scandalo
796 732 842 768 et
861 729 1102 768 animarum
1124 729 1313 782 periculo
1329 729 1417 768 sint
1432 729 1607 782 penitus
1624 728 1826 768 destituti
1844 742 1856 777 3

326 805 416 842 nos,
448 795 638 844 paternae
680 791 982 831 sollicitudinis
1016 792 1159 832 studio
1193 793 1418 846 cupientes
1459 790 1708 845 hujusmodi
1744 792 1857 845 peri-

327 855 423 894 culo
445 855 630 906 obviare,
653 858 698 894 et
719 855 918 895 intimius
949 856 1226 895 attendentes
1258 855 1372 909 quod
1404 856 1450 894 in
1481 855 1607 895 dictis
1637 855 1740 895 locis
1771 868 1858 894 non

329 920 385 958 sit
406 919 548 972 aliqua
568 919 759 969 ecclesia,
776 932 854 959 nec
875 918 1038 972 aliquid
1055 919 1287 959 oratorium
1305 920 1558 959 Divinorum
1580 918 1859 959 celebracioni

327 983 617 1036 deputatum,²
638 996 684 1022 ac
710 983 823 1036 quod
845 996 993 1022 omnes
1025 985 1068 1023 et
1099 984 1335 1023 omnimodi
1357 983 1537 1032 fructus,
1559 983 1860 1033 obvenciones,

327 1050 372 1086 et
407 1050 636 1100 proventus
670 1047 933 1086 decimarum
969 1047 1022 1087 de
1055 1048 1195 1100 parvis
1227 1047 1354 1087 rebus
1387 1051 1431 1087 et
1462 1047 1719 1086 animalibus
1749 1047 1860 1086 inibi

327 1110 661 1150 consistentibus
692 1110 1061 1164 qualitercumque
1094 1111 1387 1162 obvenientes,
1419 1111 1494 1164 qui
1524 1110 1577 1149 ad
1598 1110 1860 1164 dignitatem

327 1177 517 1213 nostram
551 1177 595 1214 et
635 1174 814 1213 liberam
854 1177 1047 1214 nostram
1089 1174 1418 1227 disposicionem
1459 1174 1676 1227 pertinere
1717 1174 1861 1213 dinos-

328 1241 500 1287 cuntur,
550 1251 637 1277 non
689 1237 906 1277 sufficiunt
947 1238 999 1278 ad
1043 1239 1410 1278 sustentacionem
1452 1237 1582 1277 unius
1626 1237 1857 1277 sacerdotis

327 1302 495 1341 noviter
516 1301 766 1354 deputandi,
788 1301 986 1354 quodque
1008 1302 1157 1341 eadem
1178 1302 1283 1352 loca,
1306 1315 1407 1341 cura
1428 1304 1473 1340 et
1493 1301 1704 1354 regimine
1726 1314 1862 1340 sacer-

329 1365 480 1404 dotum
503 1369 547 1405 et
568 1365 866 1404 ministrorum
887 1365 1274 1405 ecclesiasticorum
1295 1369 1346 1405 ut
1359 1365 1639 1418 praemittitur
1655 1365 1860 1414 carencia,

331 1429 570 1482 praebendae
602 1432 688 1468 tuae
719 1429 772 1468 de
805 1428 1012 1482 Studelay
1034 1430 1277 1479 antedictae,
1300 1432 1345 1468 et
1376 1428 1469 1482 ejus
1490 1428 1648 1468 finibus
1681 1432 1726 1468 et
1747 1428 1862 1468 limi-

330 1492 448 1532 tibus
481 1496 583 1532 sunt
614 1493 778 1532 notorie
811 1493 1015 1546 contigua
1046 1496 1091 1532 et
1122 1493 1275 1542 vicina,
1307 1493 1412 1532 adeo
1443 1492 1556 1545 quod
1577 1506 1653 1545 per
1682 1495 1742 1542 te,
1764 1496 1862 1532 tuos

332 1556 570 1596 sacerdotes
594 1559 638 1595 et
666 1556 885 1596 ministros
907 1557 1032 1596 dictae
1054 1556 1307 1609 praebendae,
1329 1556 1381 1595 ad
1403 1555 1607 1609 majorem
1629 1556 1863 1595 commodi-

330 1623 467 1659 tatem
500 1623 544 1659 et
574 1620 767 1672 quietem
793 1618 951 1660 Christi
982 1619 1177 1659 fidelium
1212 1621 1258 1659 in
1293 1619 1420 1659 dictis
1455 1619 1558 1659 locis
1595 1619 1863 1673 degencium,

330 1684 464 1737 ipsius
487 1683 848 1723 inhabitatoribus
872 1686 1134 1724 sacramenta
1156 1684 1440 1724 ecclesiastica
1471 1687 1515 1723 et
1537 1684 1865 1723 sacramentaria

331 1744 582 1798 ministrari,
605 1750 650 1787 et
671 1747 786 1787 dicta
807 1747 943 1787 officia
965 1748 1110 1787 valent
1131 1747 1349 1798 celebrari,
1372 1747 1425 1787 ad
1442 1747 1523 1787 Dei
1541 1747 1864 1800 Omnipotentis

331 1811 503 1850 laudem
525 1814 569 1851 et
589 1809 810 1861 honorem,
832 1825 879 1850 ac
901 1811 1141 1851 animarum
1173 1812 1387 1852 dictorum
1407 1809 1747 1850 inhabitatorum
1768 1825 1865 1864 pro-

331 1874 496 1914 fectum
517 1874 810 1925 manifestum,
833 1876 1189 1915 communitatem
1213 1878 1257 1915 et
1278 1876 1608 1915 universitatem
1631 1875 1864 1915 eorundem

334 1937 493 1979 Christi
544 1938 738 1978 fidelium
780 1939 1007 1992 utriusque
1051 1952 1174 1978 sexus
1216 1939 1261 1978 in
1302 1939 1405 1978 locis
1447 1939 1500 1978 de
1542 1938 1684 1978 Daker
1725 1942 1770 1978 et
1811 1938 1865 1977 de

334 2002 543 2055 Beuerlay
577 2002 840 2053 memoratis,
865 2016 980 2042 nunc
1016 2003 1288 2056 degencium,
1320 2000 1403 2057 (et)
1432 2015 1724 2041 successorum
1759 2015 1865 2055 quo-

333 2065 538 2105 rumlibet
560 2065 807 2115 eorundem,
822 2066 959 2118 quoad
973 2066 1243 2105 audicionem
1260 2066 1529 2115 Divinorum,
1543 2066 1866 2118 percepcionem

336 2132 713 2179 sacramentorum,
747 2129 1133 2179 sacramentalium,
1167 2133 1212 2169 et
1254 2130 1437 2169 aliorum
1472 2129 1641 2182 jurium
1673 2127 1867 2182 parochi-

335 2193 469 2233 alium
501 2206 869 2246 quorumcunque,
892 2194 1161 2233 canonicatui
1194 2196 1239 2233 et
1268 2193 1508 2246 praebendae
1529 2194 1617 2232 tuis
1641 2193 1693 2233 de
1716 2193 1867 2233 Stode-

336 2257 406 2310 lay
437 2257 681 2307 antedictis,
713 2257 791 2297 tibi
823 2260 868 2296 et
901 2257 1215 2297 successoribus
1247 2257 1335 2296 tuis
1368 2257 1557 2309 ipsorum
1589 2257 1867 2296 canonicatus

338 2324 383 2360 et
423 2320 662 2373 praebendae
697 2321 888 2371 nomine,
922 2321 1118 2360 invocata
1155 2319 1342 2373 Spiritus
1377 2320 1524 2360 Sancti
1566 2320 1723 2374 gracia,
1767 2318 1867 2358 sub-

333 2383 510 2437 jicimus
542 2386 588 2423 et
618 2384 903 2437 assignamus,
925 2398 973 2424 ac
1005 2383 1244 2437 praebendae
1266 2386 1352 2423 tuae
1384 2383 1436 2423 de
1463 2383 1667 2436 Stodelay
1699 2385 1744 2422 et
1775 2382 1868 2436 ejus

339 2447 658 2500 praebendariis‚
680 2460 825 2487 omnes
858 2451 903 2487 et
933 2447 1197 2487 omnimodas
1229 2447 1415 2487 decimas
1447 2446 1626 2500 majores
1660 2449 1704 2486 et
1734 2445 1869 2485 reales

340 2511 392 2549 de
435 2510 562 2549 dictis
596 2508 753 2549 Christi
788 2511 1002 2561 fidelibus,
1044 2524 1191 2550 eorum
1224 2510 1495 2560 animalibus,
1533 2513 1578 2549 et
1613 2510 1707 2549 aliis
1743 2508 1870 2549 rebus

340 2573 664 2627 quibuscunque
702 2573 889 2613 locorum
927 2574 1242 2627 praedictorum,
1279 2577 1325 2614 et
1359 2573 1598 2627 specialiter
1630 2572 1785 2612 mineri
1827 2575 1872 2612 et

416 2695 473 2739 (1)
502 2694 549 2729 So
567 2695 602 2729 in
621 2695 711 2729 both
728 2694 833 2729 MSS.
853 2694 908 2729 for
926 2695 1027 2740 ‘pern'

417 2749 474 2792 (2)
501 2748 575 2782 The
608 2749 733 2794 chapel
760 2748 801 2782 of
827 2747 957 2793 Pately
982 2759 1057 2782 was
1084 2749 1293 2794 apparently
1318 2751 1382 2781 not
1407 2751 1469 2793 yet
1492 2746 1595 2780 built.
1646 2747 1722 2781 The
1747 2746 1872 2792 chapel

345 2801 514 2835 attached
531 2805 570 2834 to
589 2801 773 2846 Bewerley
790 2800 946 2845 Grange,
973 2800 1004 2833 if
1025 2801 1124 2834 there
1149 2812 1224 2834 was
1250 2812 1315 2835 one
1341 2804 1377 2834 at
1404 2800 1475 2833 ‘this
1500 2799 1599 2840 time,
1617 2799 1732 2843 might
1749 2802 1812 2833 not
1829 2798 1872 2832 be

345 2852 517 2887 available
544 2852 597 2886 for
622 2853 684 2887 the
709 2851 944 2897 pai-ishioners
970 2851 1011 2885 of
1031 2852 1090 2886 the
1117 2852 1337 2898 prebendary
1356 2852 1395 2886 of
1417 2851 1582 2896 Stndley,
1599 2850 1664 2884 but
1689 2850 1799 2896 solely
1818 2849 1872 2883 for

349 2904 408 2938 the
428 2904 576 2939 conversi
593 2905 631 2938 os
656 2904 849 2939 Founiaius
869 2903 1005 2949 Abbey.
