1935 3151
552 145 660 178 ORIG
669 144 777 178 INAL
813 141 1100 177 DOCUMEN'PS.

65 321 161 357 OIV.
192 320 367 356 GRANT
394 321 455 356 OF
488 320 629 356 LAND
664 319 762 355 FOR
792 318 1001 354 CIIAPEL
1027 318 1093 353 AT
1119 317 1326 353 HUTTON
1353 316 1594 351 CONYERS.

560 406 847 451 (DARNBROUGH
873 404 951 439 MS.
978 403 1119 448 xxxiv.)

1731 123 1822 170 201

154 495 365 536 Omnibus
392 498 547 535 sanctae
578 495 728 535 matris
750 493 949 534 Ecclesiae
981 493 1097 544 filiis,
1120 493 1312 548 Rogerus
1334 493 1386 533 de
1409 492 1596 542 Coiners,
1629 499 1707 545 Rog.
1723 500 1763 529 de

1629 539 1653 568 C
1656 548 1757 567 000000
1773 541 1785 567 t

64 558 246 599 salutem
297 560 342 598 in
394 558 591 598 Domino.
652 558 831 598 Noverit
884 558 1139 598 universitas
1181 561 1323 597 vestra
1363 557 1475 610 quod
1517 570 1596 611 ego
1629 548 1819 607 thechhrg’h

64 622 257 676 Rogerus
289 621 342 662 de
376 622 563 672 Coiners,
605 622 823 661 communi
864 635 1041 661 assensu
1082 625 1127 661 et
1168 635 1377 661 consensu
1419 620 1595 660 Roberti

63 684 243 726 haeredis
265 687 366 737 mei,
388 685 488 726 dedi
511 689 555 725 et
576 686 778 735 concessi,
800 699 875 738 pro
890 685 1027 725 salute
1048 686 1201 724 animae
1218 698 1324 724 meae
1342 688 1387 724 et
1400 685 1597 724 omnium

65 763 354 790 successorum
394 763 588 789 meorum
630 752 675 789 et
715 747 936 788 haeredum
972 762 1179 798 meorum,
1222 748 1409 788 eeclesiae
1451 748 1598 788 Sancti

63 813 250 853 wilfridi
283 814 336 854 de
369 813 550 867 Ripona‚
581 827 608 852 x
638 827 751 853 acras
774 817 898 853 terrae
920 827 1019 853 cum
1050 811 1192 853 thofto
1213 816 1258 853 et
1279 826 1377 852 cum
1399 812 1597 852 omnibus

62 878 342 930 pertinenciis
375 877 462 917 suis
495 880 540 916 et
570 876 860 927 libertatibus,
892 877 1024 917 libere
1057 880 1102 916 et
1134 877 1281 930 quiete
1312 876 1364 916 ab
1398 876 1597 916 omnibus

65 941 255 981 serviciis
277 939 507 990 habendas,
522 941 565 980 in
580 944 834 993 perpetuam
857 941 1147 991 elemosinam,
1166 940 1205 994 vj
1230 954 1346 980 acras
1370 940 1532 980 scilicet
1554 943 1598 980 et

63 1005 225 1046 toftum
245 1018 322 1058 pro
342 1004 505 1057 capella
526 1018 655 1057 quam
676 1003 809 1044 michi
833 1008 877 1044 et
899 1003 1141 1044 haeredibus
1163 1005 1271 1044 meis
1294 1007 1599 1044 concesserunt

64 1066 305 1108 habendam
327 1069 372 1107 in
396 1069 561 1118 Hotun,
584 1069 817 1108 secundum
840 1068 953 1122 quod
975 1067 1274 1123 cirographum
1296 1069 1411 1108 inter
1424 1068 1598 1108 canoni·

64 1145 134 1172 cos
156 1131 208 1171 de
240 1131 394 1185 Ripon’
416 1135 460 1172 et
491 1132 729 1172 Robertum
761 1132 900 1172 filium
931 1146 1074 1172 meum
1107 1135 1345 1186 purportat.
1408 1132 1597 1180 Quarum

64 1198 153 1235 tres
175 1209 279 1235 acrae
302 1200 346 1235 et
366 1195 546 1235 dimidia
567 1196 660 1235 sitae
690 1199 790 1235 sunt
811 1197 856 1235 in
879 1195 1120 1247 Blakamor,
1142 1210 1227 1236 una
1248 1210 1342 1235 acra
1373 1197 1417 1235 in
1439 1194 1600 1235 Tothe-

64 1258 227 1310 landes,
253 1273 339 1299 una
367 1260 413 1299 in
444 1259 627 1310 Dufane,
659 1260 838 1300 dimidia
869 1261 913 1299 in
944 1259 1187 1311 Sandwath,
1217 1263 1262 1300 et
1292 1260 1451 1300 toftum
1486 1260 1597 1313 quod

64 1322 150 1363 fuit
172 1324 343 1363 Ricardi
366 1322 407 1363 le
431 1323 595 1364 Sauner
612 1322 688 1377 (Ρ).
752 1324 809 1364 Et
830 1328 1038 1377 praeterea
1068 1324 1167 1364 dedi
1199 1324 1303 1377 iiij⁰r
1333 1337 1450 1363 acras
1472 1330 1598 1364 terrae

64 1400 139 1440 pro
170 1386 464 1442 (fraternitate
482 1387 523 1441 ΞΡ)
550 1387 740 1427 ecclesiae
770 1387 915 1428 Sancti
937 1387 1141 1438 wilfridi,
1163 1386 1360 1428 habenda
1390 1386 1523 1427 michi
1555 1391 1599 1427 et

64 1449 306 1491 haeredibus
334 1452 455 1491 meis.
519 1451 708 1499 Quarum
738 1465 824 1491 una
851 1466 946 1492 acra
979 1456 1024 1492 et
1054 1466 1140 1492 una
1165 1452 1267 1492 roda
1299 1452 1390 1491 sitae
1424 1454 1525 1491 sunt
1553 1452 1599 1491 in

66 1514 297 1566 Sandland,
320 1519 364 1555 et
385 1515 480 1555 duae
501 1529 605 1555 acrae
628 1519 672 1555 et
692 1529 779 1555 una
800 1516 902 1556 roda
929 1516 974 1556 in
1000 1516 1206 1570 Ridding,
1229 1518 1274 1556 et
1305 1516 1483 1555 dimidia
1504 1529 1599 1555 acra

63 1578 109 1617 in
134 1578 326 1618 Kendale
360 1609 370 1620 .
405 1609 414 1618 .
447 1582 563 1618 atam
584 1579 809 1619 dimidiam
830 1593 970 1620 acram
984 1581 1029 1619 in
1053 1580 1201 1620 eodem
1219 1580 1322 1620 loco.
1356 1580 1446 1619 Has
1461 1584 1598 1620 terras

64 1641 263 1682 dedimus
295 1646 339 1682 et
360 1643 660 1693 concessimus,
683 1657 763 1697 ego
795 1646 839 1683 et
870 1644 1082 1684 Robertus
1104 1643 1220 1683 filius
1250 1657 1386 1693 meus,
1408 1643 1596 1683 ecclesiae

65 1705 210 1746 Sancti
231 1705 420 1746 Wilfridi
452 1710 496 1746 et
518 1707 731 1746 canonicis
754 1707 917 1747 ibidem
949 1707 1040 1747 Deo
1069 1707 1365 1757 servientibus,
1387 1707 1596 1747 tenendas

64 1771 110 1809 in
131 1774 384 1823 perpetuam
405 1771 698 1822 elemosinam,
711 1785 788 1824 pro
804 1772 1027 1812 animabus
1043 1772 1200 1811 nost-ris
1222 1774 1267 1811 et
1280 1785 1355 1824 pro
1372 1771 1597 1811 animabus

63 1838 382 1875 antecessorum
423 1838 681 1886 nostrorum,
713 1835 849 1875 libere
883 1839 928 1875 et
968 1836 1115 1889 quiete
1151 1835 1204 1875 ab
1245 1834 1443 1874 omnibus
1476 1849 1598 1874 exac-

64 1898 259 1937 cionibus
291 1902 337 1938 et
368 1899 570 1948 serviciis,
601 1913 701 1938 cum
731 1900 848 1939 omni
884 1913 1111 1939 communa
1145 1902 1346 1952 pasturae,
1378 1898 1596 1950 turbariae,

63 1961 206 2002 boschi
249 1965 295 2002 et
333 1962 464 2015 plani,
505 1963 686 2013 viarum,
738 1963 1003 2013 semitarum,
1043 1976 1263 2016 aquarum,
1315 1965 1360 2002 et
1401 1962 1595 2002 omnium

62 2026 396 2066 asiamentorum
418 2026 471 2066 ad
493 2026 673 2066 eandem
688 2030 847 2066 terram
869 2027 1202 2080 pertinencium.
1263 2025 1325 2066 Ut
1341 2028 1488 2065 autem
1505 2023 1594 2064 haec

63 2089 240 2129 donacio
273 2089 438 2129 stabilis
474 2093 733 2143 perseveret,
765 2103 859 2130 eam
893 2089 1023 2143 sigilli
1057 2090 1142 2129 mei
1175 2092 1220 2129 et
1254 2088 1385 2143 sigilli
1419 2087 1596 2128 Roberti

62 2153 141 2193 filii
167 2154 253 2193 mei
284 2154 553 2207 apposicione
587 2154 863 2207 signavimus.
925 2155 1023 2194 Hiis
1054 2153 1253 2203 testibus,
1283 2151 1510 2205 Radulpho
1542 2152 1594 2191 de

65 2216 277 2269 Camarill,
299 2218 486 2272 Hugone
507 2218 596 2258 filio
618 2218 863 2272 Gemegan,
886 2219 1071 2273 Hugone
1089 2218 1142 2258 de
1159 2217 1444 2266 Flammavill‚
1461 2216 1596 2256 Alano

65 2281 332 2331 Brimcoste‚¹
366 2281 562 2322 Gflberto
593 2282 646 2322 de
680 2283 958 2337 Rugemund,
995 2280 1221 2334 Radulpho
1253 2281 1306 2321 de
1342 2281 1595 2330 Nunnewic,

65 2344 297 2385 Humfrido
327 2345 417 2385 filio
437 2346 540 2385 Adae
570 2346 623 2386 de
656 2345 940 2399 Bischoptun,
961 2345 1179 2385 willelmo
1200 2344 1400 2395 Wellfed,
1422 2343 1596 2399 Nigello

65 2408 118 2448 de
139 2409 180 2448 N
183 2413 326 2460 ortun‚
347 2410 554 2464 magistro
570 2410 597 2450 J
600 2409 768 2449 ohanne
789 2410 842 2449 de
860 2409 972 2449 Ebor
989 2408 1013 2459 ³,
1030 2408 1212 2449 Radulfo
1226 2408 1392 2459 clerico,
1409 2408 1597 2448 Henrico

66 2472 154 2513 filio
190 2475 368 2514 Henrici
403 2474 456 2514 de
493 2473 718 2525 Pinckeni,
755 2473 919 2514 Thoma
951 2474 1081 2514 fratre
1115 2473 1223 2527 ejus,
1254 2473 1471 2513 willelmo
1507 2472 1596 2512 filio

65 2536 268 2592 Walding
299 2538 352 2577 de
384 2538 559 2588 Barton,
580 2538 799 2578 willelmo
830 2538 919 2577 filio
950 2538 1170 2588 Bernardi,
1191 2537 1409 2577 Willelmo
1440 2540 1595 2589 nepote

65 2600 228 2640 domini
248 2602 373 2641 Alani
404 2602 610 2651 canonici,
631 2602 670 2641 N
674 2600 838 2641 icholao
860 2601 948 2642 filio
968 2602 1158 2651 Aldredi,
1180 2602 1346 2656 Rogero
1377 2600 1430 2640 de
1454 2599 1595 2640 Stam-

65 2662 257 2717 bregate,
278 2665 319 2704 N
321 2663 486 2705 icholao
500 2665 726 2714 Parmiter,
743 2665 962 2705 Willelmo
976 2669 1022 2706 et
1037 2666 1129 2705 Ada
1141 2665 1240 2705 filiis
1258 2665 1361 2714 suis,
1375 2663 1594 2703 Willelmo

66 2730 113 2766 et
135 2727 307 2768 Simone
329 2728 547 2769 fratribus.

456 2828 465 2848 ¹
494 2828 540 2862 So
558 2827 592 2862 in
612 2828 700 2870 MS„
719 2828 889 2874 probably
910 2829 961 2864 sor
979 2832 987 2849 ‘
1002 2828 1215 2864 Bruntoste.·

1630 618 1664 646 of
1682 617 1793 655 Ripon.

1631 1078 1750 1116 Chapel
1767 1081 1800 1108 at

1632 1119 1661 1147 H
1667 1120 1758 1147 utton

1632 1157 1782 1196 Conyers.

1632 1339 1758 1369 Church
1773 1340 1809 1369 of

1633 1379 1744 1418 Ripon.

1631 2161 1815 2191 Witnesses.
