1915 3028
330 557 389 633 Μ
398 557 824 635 EMORIALS
894 558 996 635 OF
1064 558 1338 635 RIPON.

529 836 1146 891 EXCERPTS.

747 961 930 978 —000—

174 1057 349 1093 EARLY
374 1057 670 1092 EDUOATION
695 1057 758 1093 OF
784 1057 852 1093 ST.
881 1057 1211 1093 WILLIBRORD
1238 1057 1304 1092 AT
1330 1056 1494 1092 RIPON.

276 1144 430 1178 ALGUIN
450 1143 689 1189 (Ealhwine),
716 1143 797 1178 Vita
815 1144 850 1179 S.
878 1143 1107 1187 Willz’brordz'‚
1124 1143 1184 1178 lib.
1203 1144 1233 1179 Ι.
1252 1155 1329 1189 cap.
1347 1143 1414 1178 ἰὶἰ.ι

70 1218 256 1260 FACTUM
289 1223 356 1260 est
386 1222 484 1273 post
514 1220 727 1260 circulum
757 1220 943 1271 dierum,
980 1224 1026 1261 et
1057 1220 1214 1260 mulier
1243 1220 1413 1274 peperit
1448 1218 1604 1270 filium,

71 1297 272 1337 sacroque
294 1284 414 1324 fonte
435 1284 709 1337 baptismatis
731 1288 985 1339 regenerato
1006 1285 1217 1337 imposuit
1233 1285 1273 1324 ei
1289 1288 1428 1324 mater
1448 1297 1606 1323 nomen

71 1348 336 1397 willibrord,
358 1352 403 1388 et
425 1349 572 1388 statim
593 1348 858 1388 ablactatum
879 1347 1145 1389 infantulum
1166 1349 1348 1388 tradidit
1369 1362 1468 1388 eum
1485 1351 1608 1401 pater

72 1411 273 1465 Ripensis
304 1412 506 1452 Ecclesiae
536 1412 757 1463 fratribus,
792 1413 1004 1467 religiosis
1036 1412 1207 1463 studiis,
1233 1416 1278 1452 et
1310 1413 1436 1452 sacris
1466 1412 1608 1452 literis

72 1476 388 1517 erudiendum:
421 1480 472 1516 ut
503 1475 696 1530 fragilior
726 1480 828 1517 aetas
859 1477 1138 1517 validioribus
1163 1476 1449 1517 invalesceret
1479 1476 1609 1516 disci-

72 1540 218 1593 plinis,
239 1540 315 1580 ubi
344 1539 457 1579 nihil
479 1540 646 1580 videret
675 1542 760 1581 nisi
790 1540 984 1593 honesta,
1006 1540 1118 1581 nihil
1139 1541 1319 1581 auderet
1341 1542 1424 1581 nisi
1447 1544 1607 1581 sancta.

74 1603 214 1652 Quem
236 1604 394 1644 Divina
415 1617 513 1644 mox
530 1605 668 1658 gratia
687 1605 741 1645 ab
761 1606 943 1646 ineunte
964 1606 1152 1659 pueritia
1173 1608 1218 1645 et
1240 1619 1369 1644 sensu
1389 1605 1609 1658 proficere,

74 1671 121 1707 et
140 1668 331 1708 moribus
352 1668 529 1721 pollere,
551 1672 763 1721 quantum
785 1670 838 1709 ad
859 1670 968 1709 tales
989 1670 1190 1724 congruit
1206 1682 1353 1719 annos,
1368 1669 1578 1709 concessit
1595 1684 1606 1710 t

74 1732 137 1771 ita
157 1735 208 1771 ut
228 1733 386 1772 nostris
416 1733 684 1786 temporibus
705 1747 865 1774 novum
899 1734 1071 1774 Samuel
1092 1734 1208 1773 nasci
1239 1737 1426 1786 putares,
1448 1733 1501 1773 de
1523 1747 1609 1786 quo

74 1796 241 1835 dictum
262 1799 356 1837 est:
388 1795 513 1836 Puer
542 1800 697 1837 autem
727 1795 914 1838 Samuel
940 1795 1201 1852 proficiebat
1232 1801 1364 1850 atque
1385 1795 1608 1848 crescebat,

76 1863 114 1900 et
129 1858 332 1914 placebat
364 1864 459 1901 tam
494 1859 584 1901 Deo
622 1874 763 1914 quam
795 1860 1073 1902 hominibus,
1135 1861 1290 1914 Ibique
1323 1862 1369 1900 in
1403 1861 1609 1915 praedicto

74 1925 333 1964 monasterio
354 1925 504 1964 multis
525 1924 775 1978 profuturus
797 1939 918 1978 puer,
939 1926 1162 1965 clericatus
1188 1926 1353 1978 accepit
1373 1929 1608 1976 tonsuram,

75 1991 122 2027 et
157 1988 228 2041 pia
262 1988 523 2041 professione
556 1987 816 2028 monachum
851 2003 895 2029 se
930 1988 1036 2029 fecit
1067 2003 1175 2039 esse,
1207 1992 1252 2029 et
1284 1990 1400 2029 inter
1434 1993 1608 2029 caeteros

76 2051 271 2105 ejusdem
293 2052 551 2091 sanctissimi
572 2054 821 2093 monasterii
842 2053 1134 2093 adolescentes
1167 2054 1385 2094 enutritus
1417 2057 1508 2102 est3
1536 2054 1609 2094 sed

75 2114 186 2155 nulli
216 2115 435 2156 alacritate
467 2117 621 2166 minor,
642 2117 753 2156 nulli
785 2116 1047 2157 humilitatis
1078 2117 1216 2158 officio
1248 2118 1475 2169 secundm,
1498 2118 1609 2158 nulli

76 2178 273 2218 lectionis
306 2179 450 2219 studio
481 2179 686 2220 inferior:
735 2181 810 2220 sed
843 2181 901 2221 sie
931 2181 1126 2234 quotidie
1162 2181 1285 2221 bonae
1315 2182 1471 2222 indolis
1503 2195 1610 2235 puer

76 2242 340 2295 proficiebat,
361 2246 413 2282 ut
433 2247 603 2283 teneros
632 2245 831 2296 pueritiae
862 2258 995 2284 annos
1026 2258 1195 2284 morum
1226 2246 1437 2299 gravitate
1468 2249 1610 2285 trans-

77 2306 303 2347 cenderet:
336 2306 561 2360 factusque
585 2311 651 2347 est
671 2308 923 2361 grandaevus
946 2321 1088 2359 sensu,
1111 2309 1185 2361 qui
1199 2309 1449 2362 corpusculo
1468 2310 1608 2349 modi-

76 2383 150 2410 cus
181 2370 266 2410 fuit
296 2374 341 2410 et
369 2370 550 2424 fragilis.
611 2370 734 2426 (Cap.
756 2371 836 2426 iv.)
872 2373 1015 2426 Igitur
1043 2373 1089 2412 in
1119 2373 1248 2412 sacris
1280 2374 1609 2424 eruditionibus,

78 2438 123 2474 et
144 2435 190 2474 in
222 2436 339 2474 omni
373 2435 618 2486 sobrietate,
639 2450 894 2490 morumque
926 2435 1168 2485 honestate,
1189 2437 1450 2487 beatissimo,
1472 2451 1608 2491 usque

77 2498 131 2538 ad
153 2499 406 2539 vicesimum
438 2501 578 2539 aetatis
612 2514 698 2540 suae
729 2514 908 2551 annum,
929 2501 1200 2541 adolescente
1231 2501 1498 2554 proficiente,
1519 2515 1610 2542 arc-

152 2586 208 2632 (1)
235 2587 370 2622 Alcuin
395 2587 524 2622 relates
539 2588 575 2622 in
592 2588 757 2634 chapters
774 2588 798 2623 i.
818 2589 888 2624 and
905 2589 941 2624 ii.
960 2589 1041 2624 how
1060 2589 1161 2624 there
1185 2601 1262 2624 was
1286 2589 1324 2623 in
1349 2589 1609 2625 Nerthumbria

79 2650 99 2673 a
117 2638 238 2673 Saxon
263 2640 389 2674 named
420 2640 566 2685 wilgis,
583 2641 666 2674 who
694 2641 752 2675 led
770 2652 790 2675 a
810 2641 896 2687 holy
921 2641 984 2676 lise
1002 2642 1093 2676 with
1119 2640 1174 2676 his
1199 2641 1284 2675 wife
1302 2641 1372 2676 and
1389 2641 1526 2687 family,
1543 2642 1610 2677 but

79 2691 286 2726 afterwards
315 2691 459 2727 became
485 2704 506 2727 a
530 2693 663 2727 hei-mit
687 2704 733 2727 on
763 2693 881 2740 Spurn
910 2694 1030 2729 Point.
1081 2695 1158 2729 The
1183 2694 1266 2728 wife
1285 2694 1324 2728 of
1349 2694 1483 2739 Wilgis
1500 2695 1571 2729 had
1589 2707 1610 2730 a

78 2742 254 2789 heavenly
270 2744 387 2778 vision
404 2745 444 2779 of
464 2756 484 2779 a
500 2752 654 2779 crescent
673 2757 779 2780 moon
796 2745 985 2792 becoming
1002 2746 1082 2790 sun,
1100 2746 1263 2792 entering
1281 2746 1316 2780 iu
1336 2751 1374 2780 at
1390 2746 1454 2781 her
1471 2748 1611 2791 mouth,

80 2795 152 2828 and
170 2795 284 2840 filling
301 2797 365 2831 her
382 2797 469 2831 with
487 2797 692 2843 splendour.
742 2797 830 2832 This
846 2798 961 2834 vision
980 2811 1055 2834 was
1080 2799 1295 2845 interpreted
1313 2798 1360 2843 by
1379 2799 1439 2833 the
1458 2799 1554 2834 birth
1572 2800 1614 2834 of

83 2846 305 2891 Willibrord,
321 2860 359 2883 as
376 2849 511 2883 related
529 2849 564 2883 in
583 2850 731 2896 chapter
747 2850 797 2885 iii.

836 2916 859 2943 B

1641 1234 1666 1253 c.
1681 1231 1748 1253 ΔΛ).
1764 1224 1831 1252 657.

1643 1279 1829 1308 willibrord

1642 1319 1732 1348 born.

1643 1423 1668 1442 c.
1685 1420 1750 1441 AJ).
1765 1413 1833 1441 (3130.

1643 1469 1789 1505 Brought
1802 1478 1842 1506 up

1643 1512 1677 1538 at
1692 1508 1805 1546 Ripon.

1644 1801 1659 1829 1
1677 1800 1761 1830 Sam.
1778 1800 1812 1829 ii.

1643 1840 1690 1869 26.

1643 1931 1794 1961 Receivos

1642 1971 1696 2000 the
1716 1975 1843 2000 tonsure

1643 2014 1676 2039 at
1693 2010 1793 2048 Ripon

1642 2050 1767 2088 Abbey.

1642 2452 1668 2471 c.
1683 2449 1749 2472 ΛΑ).
1765 2443 1832 2472 677.
