1915 3068
42 1296 99 1322 lhe

34 1333 159 1361 (ἸιιιτςΙι
173 1333 231 1360 has

35 1373 96 1400 had
113 1373 165 1400 the

35 1413 132 1440 above
143 1411 231 1439 liber.

37 1451 105 1483 llos-¹,
121 1456 191 1485 950„

36 1492 112 1518 from
130 1490 183 1518 the

36 1530 113 1557 time
128 1529 161 1556 of

38 1568 127 1603 King

36 1606 219 1635 *Ethelstzin

38 1651 71 1675 ‘so
88 1647 141 1674 the

38 1687 163 1723 p1·=·s0nt
177 1685 224 1713 in-

38 1734 158 1753 vaslon.

45 2504 144 2541 h'oyal

45 2544 186 2571 cham-rs

46 2582 212 2619 produced.

741 153 1017 189 MEMORIALS
1053 157 1110 189 OF
1148 157 1304 190 Rll’ox.

262 267 430 306 nativis.
484 267 535 306 In
559 266 790 317 Sharrowe,
807 268 981 307 tertiam
1004 271 1170 321 partem
1192 269 1303 308 villae
1327 273 1369 309 et
1390 270 1502 322 plus,
1523 283 1621 310 cum
1644 270 1789 312 liberis

262 335 305 369 et
335 331 508 370 nativis.
570 331 621 369 In
654 331 815 380 Hoton,
837 345 974 370 unum
1005 331 1165 371 toftum
1198 336 1242 371 et
1273 332 1303 386 ij
1340 333 1514 373 bovatas
1537 338 1675 375 terrae.
1739 335 1790 374 In

262 393 470 447 Nonwyk,
492 408 628 433 unum
661 395 820 433 toftum
844 408 942 434 cum
974 394 1003 448 ij
1038 395 1210 435 bovatas
1239 399 1378 447 terrae,
1402 400 1447 436 et
1466 397 1791 438 advocacionem

262 458 447 510 capellae.
526 459 577 497 In
613 458 828 511 Stauelay,
864 472 995 498 unam
1031 463 1271 499 carucatam
1305 464 1349 500 et
1382 460 1411 514 ij
1448 461 1623 501 bovatas
1665 466 1790 501 terrae

263 521 407 561 liberae
443 525 487 561 et
517 521 546 575 ij
585 526 798 562 carucatas
829 526 953 562 terrae
993 523 1163 573 nativae,
1195 537 1294 563 cum
1330 525 1488 564 nativis
1525 528 1570 564 et
1601 529 1789 577 pastura.

263 586 314 624 In
348 584 672 639 Stodelayroger
705 586 749 625 ix
780 585 890 625 tofta
923 589 967 625 et
1004 600 1030 625 v
1062 586 1236 626 bovatas
1267 591 1406 628 terrae,
1469 589 1520 627 In
1556 588 1791 641 Grantelay

263 655 303 687 et
348 649 555 699 Eueston,
587 649 625 702 vj
670 649 779 689 tofta
819 653 863 689 et
903 650 946 689 ix
981 664 1096 690 acras
1130 654 1270 691 terrae,
1333 652 1385 691 In
1418 651 1683 705 VVynkeslay
1714 651 1786 704 viij

262 712 370 752 t‹›fta
411 716 455 752 et
495 727 576 752 xxx
616 727 732 752 acras
774 717 911 753 terrae.
985 715 1038 753 In
1074 714 1373 769 Slenyngford‚
1399 715 1416 769 j
1454 715 1613 755 toftum
1651 720 1695 756 et
1731 716 1788 769 xij

263 790 377 816 acras
400 780 537 816 terrae.
588 778 642 816 In
664 777 900 827 Discesord,
923 778 968 831 iij
993 780 1214 832 mesuagia
1237 784 1281 818 et
1302 779 1365 833 iiij
1390 779 1565 819 bovatas
1587 783 1726 830 terrae,
1748 784 1794 819 et

261 841 582 880 advocationem
607 841 794 894 capellae.
857 842 909 881 In
941 842 1200 892 Esttanfeld,
1231 842 1277 896 iij
1310 843 1420 883 tofta
1441 846 1486 883 et
1501 843 1518 896 j
1553 846 1793 883 carucatam

262 910 399 944 terrae.
461 905 514 944 In
536 904 855 959 Merkyngfeld‚
886 919 1023 945 unum
1054 906 1215 946 toftum
1248 910 1292 946 et
1320 906 1365 960 iij
1399 921 1515 947 acras
1538 911 1676 947 terrae.
1740 908 1792 946 In

262 967 418 1021 Thorp,
460 968 489 1022 ij
534 970 756 1022 mesuagia
797 973 841 1009 et
882 970 957 1023 viij
990 984 1107 1010 acras
1138 974 1276 1011 terrae.
1338 971 1392 1010 In
1434 972 1685 1025 Howgrave,
1726 971 1789 1023 iiij

262 1032 373 1072 tofta
415 1036 459 1071 et
489 1032 518 1085 ij
554 1036 771 1072 carucatas
802 1036 926 1073 terrae
957 1048 1057 1073 cum
1088 1034 1262 1074 nativis.
1337 1035 1390 1073 In
1421 1034 1683 1085 Thorneton,
1715 1035 1788 1087 viij

263 1097 485 1149 mesuagia
518 1100 563 1136 et
591 1111 620 1136 -x
656 1110 771 1136 acras
804 1100 942 1137 terrae.
1004 1098 1057 1137 In
1088 1097 1375 1147 Northerows‚
1402 1098 1464 1152 iiij
1499 1098 1610 1138 tofta
1641 1101 1685 1138 et
1715 1098 1789 1150 xiij

263 1173 376 1198 acras
398 1163 535 1199 terrae.
597 1161 648 1199 In
672 1160 934 1214 Bondegate,
966 1162 1156 1214 quinque
1178 1161 1288 1201 tofta
1309 1165 1353 1201 et
1374 1162 1430 1215 vij
1455 1176 1569 1202 acras
1591 1166 1716 1202 terrae
1749 1166 1793 1201 et

263 1223 541 1263 medietatem
564 1223 801 1263 molendini
818 1225 870 1264 de
892 1224 1198 1279 Merkyngton,
1213 1229 1256 1265 et
1274 1226 1473 1265 similiter
1489 1226 1617 1265 aliam
1632 1226 1794 1265 medie-

263 1290 399 1326 tatem
441 1286 634 1340 ejusdem
675 1288 923 1328 molendini.
985 1289 1049 1328 De
1092 1289 1249 1342 quibus
1292 1290 1467 1343 quidem
1507 1289 1794 1337 libertatibus,

265 1351 664 1401 consuetudinibus,
705 1352 846 1402 terris,
889 1352 1038 1402 feodis,
1087 1356 1131 1392 et
1171 1353 1512 1406 possessionibus
1555 1353 1795 1405 capitulum

267 1415 457 1454 ecclesiae
479 1416 691 1467 praedictae
713 1415 799 1455 fuit
823 1416 1019 1455 seisitum
1036 1416 1183 1466 libere,
1201 1417 1362 1470 quiete,
1376 1417 1535 1470 absque
1557 1416 1799 1469 calumpnia

269 1491 346 1517 seu
366 1478 678 1531 impedimento
692 1493 716 1518 a
732 1482 926 1532 tempore
943 1480 1105 1519 domini
1122 1480 1330 1520 VVillelmi
1348 1481 1478 1534 Regis
1492 1481 1797 1533 conquaestoris

268 1546 311 1582 et
333 1556 357 1581 a
378 1546 568 1596 tempore
591 1543 618 1583 J
621 1542 799 1583 ohannis
822 1545 1108 1598 progenitoris
1131 1545 1294 1584 domini
1317 1545 1449 1598 Regis
1471 1559 1600 1593 nunc,
1617 1548 1661 1584 et
1681 1548 1798 1594 ante,

268 1610 319 1645 ut
352 1607 405 1646 de
433 1606 522 1660 juri
559 1605 664 1661 (sic)
701 1608 888 1648 ecclesiae
922 1608 1037 1648 beati
1067 1608 1255 1648 Wssfridi
1291 1609 1505 1662 praedictae
1540 1609 1743 1647 continue
1774 1623 1799 1647 a

268 1674 461 1722 tempore
487 1671 618 1725 Regis
650 1672 866 1711 Atelstani
898 1686 1034 1725 usque
1065 1673 1117 1711 ad
1149 1673 1337 1725 quinque
1369 1686 1502 1712 annos
1533 1681 1635 1711 ante
1666 1685 1797 1721 nunc,

269 1734 383 1786 quod
414 1734 607 1786 praedicti
638 1734 865 1788 Philippus
897 1736 1144 1775 Vicecomes
1177 1740 1221 1775 et
1242 1736 1485 1775 willelmus
1518 1736 1561 1775 vi
1593 1742 1637 1775 et
1668 1735 1796 1774 armis

272 1811 400 1850 super
421 1798 658 1850 capitulum
679 1799 933 1851 praedictum
956 1803 997 1838 et
1020 1799 1236 1839 libertates
1259 1813 1306 1838 ac
1329 1799 1503 1839 feodum
1526 1813 1652 1839 suum
1674 1812 1799 1838 usur-

271 1865 496 1913 paverunt,
528 1864 572 1900 et
605 1875 754 1914 pacem
791 1862 971 1915 capituli
1007 1862 1199 1915 praedicti
1233 1861 1517 1915 infregerunt,
1546 1865 1590 1901 et
1618 1861 1801 1913 impedi-

272 1928 430 1964 verunt
452 1925 689 1977 capitulum
706 1926 961 1979 praedictum
978 1924 1134 1965 habere
1156 1924 1248 1965 stole
1262 1930 1306 1965 et
1322 1924 1443 1976 παλ-,1
1462 1924 1534 1975 tol,
1548 1930 1705 1964 mercat
1713 1938 1801 1972 um,

273 1987 441 2038 feriam,
464 1992 508 2027 et
538 1989 692 2029 assisas
713 1990 836 2043 panis
871 1993 915 2029 et
947 1990 1146 2039 servisiae,
1175 1989 1389 2042 pilloriam
1421 1992 1465 2029 et
1494 1987 1801 2028 tumberellum

274 2065 401 2090 suum
443 2055 669 2092 noctanter
708 2057 1103 2106 prosternaverunt,
1144 2067 1191 2092 ac
1242 2067 1370 2106 super
1410 2053 1584 2092 feodum
1624 2051 1802 2104 capituli

274 2116 468 2168 praedicti
490 2117 782 2157 districciones
816 2131 891 2170 pro
920 2117 1047 2156 sectis
1079 2118 1363 2157 comitatuum
1395 2120 1439 2156 et
1469 2116 1606 2170 geldis
1629 2115 1802 2154 domino

274 2179 381 2232 Regi
406 2182 449 2218 et.
470 2179 564 2218 aliis
589 2181 799 2220 ministris
822 2182 907 2220 suis
929 2194 1003 2234 per
1025 2181 1244 2220 ministros
1264 2195 1360 2220 suos
1373 2180 1582 2229 fecerunt,
1599 2192 1645 2218 ac
1667 2179 1801 2218 eciam

274 2242 548 2295 quamplures
571 2245 863 2297 oppressiones
885 2248 929 2284 et
949 2245 1195 2298 gravamina
1208 2244 1358 2282 multis
1382 2243 1520 2283 modis
1544 2242 1801 2291 intulerunt,

276 2307 322 2344 in
354 2307 676 2347 enarvacionem
713 2308 963 2347 libertatum
998 2308 1298 2361 praedictarum
1334 2311 1380 2346 et
1411 2305 1800 2346 exhaeredacionem

275 2369 451 2422 capituli
474 2371 682 2422 praedicti,
705 2375 750 2411 et
770 2372 1007 2424 dampnum
1031 2385 1156 2410 suum
1179 2371 1296 2410 mille
1318 2370 1535 2410 librarum.

366 2433 421 2471 Et
443 2433 542 2472 inde
565 2435 762 2486 producit
785 2439 958 2485 sectam,
981 2439 1062 2474 etc.

364 2496 421 2535 Et
453 2510 580 2549 super
616 2496 694 2536 hoo
728 2498 889 2551 profert
919 2502 1054 2537 cartas
1087 2498 1218 2552 Regis
1260 2497 1494 2537 Attelstani
1536 2510 1582 2535 ac
1623 2496 1805 2535 aliorum

277 2573 427 2613 regum
454 2561 808 2613 praedecessorum
841 2563 1003 2601 domini
1036 2563 1167 2616 Regis
1189 2575 1317 2612 nunc,
1340 2575 1434 2614 quae
1456 2563 1672 2600 testantur
1693 2559 1807 2611 capi-

277 2623 419 2662 tulum
442 2625 695 2676 praedictum
714 2625 820 2665 tales
844 2625 998 2665 habere
1020 2626 1238 2665 libertates
1256 2626 1301 2664 in
1318 2624 1407 2664 haec
1426 2624 1565 2663 verba.
1609 2627 1619 2645 ⁶
1634 2622 1806 2674 Wittyn

277 2686 314 2724 al
347 2685 443 2726 that
474 2688 510 2726 is
543 2689 625 2727 and
658 2689 694 2727 is
727 2689 839 2743 gan‚'
871 2693 951 2728 etc.
984 2689 1070 2743 (see
1102 2688 1258 2729 below.-
1291 2686 1527 2741 Oharters).
1590 2687 1703 2725 Item
1725 2685 1808 2724 alia

278 2753 394 2788 carta
425 2751 477 2789 de
509 2751 672 2792 eodem.
735 2753 812 2791 ‘In
846 2753 1019 2791 nomine
1047 2752 1212 2792 Sanctae
1239 2755 1284 2792 et
1312 2751 1545 2791 individuae
1566 2749 1808 2797 Trinitatis,

280 2812 529 2853 Atelstanus
553 2815 669 2864 Rex:
691 2818 772 2855 etc.
796 2814 881 2866 (see
907 2814 1034 2855 below
1052 2831 1064 2854 .·
1098 2813 1335 2864 Charters).

655 2899 709 2941 (1)
737 2899 784 2931 So
803 2898 837 2932 in
859 2898 933 2932 MS.
955 2898 1007 2932 sor
1026 2910 1084 2932 soc
1104 2898 1170 2932 and
1190 2909 1260 2940 sac,
1279 2910 1310 2943 p.
1329 2898 1374 2930 52
1393 2909 1425 2930 n.
