1955 3068
47 126 141 175 120

46 262 111 289 two
129 267 208 288 mes-

47 307 159 336 suages
173 298 205 326 in

47 338 152 375 Ripon
167 338 215 366 for

46 377 158 406 vicars'

47 416 168 446 houses.

52 843 120 873 List
137 843 171 872 of

51 891 168 912 vicars.

57 1231 154 1262 Office
169 1231 232 1260 and

58 1280 142 1300 mass
156 1271 203 1299 for

58 1311 112 1340 the
127 1310 216 1339 dead.

63 1614 140 1643 Two
154 1614 234 1643 obits

62 1654 97 1683 in
112 1654 209 1683 choir.

66 2128 159 2159 After

66 2168 224 2197 founder’s

67 2207 163 2236 death
178 2207 227 2236 his

65 2247 167 2284 year's
177 2247 264 2275 mind

67 2288 100 2315 to
114 2286 151 2315 be
165 2286 251 2324 kept.

67 2385 191 2415 Vicars’

66 2424 152 2454 oath.

67 2704 225 2742 Bipartite

66 2744 244 2773 indenture.

761 143 1036 178 MEMORIALS
1071 144 1129 178 OF
1165 143 1322 178 RIPON.

278 252 441 294 ibidem
471 254 517 294 in
546 260 819 309 perpetuum,
842 257 927 296 duo
957 258 1175 311 mesuagia
1206 270 1304 296 cum
1335 255 1611 309 pertinenciis
1642 255 1687 294 in
1709 254 1811 295 villa

280 318 460 371 Rypon’,
501 334 637 360 unum
680 321 881 361 videlicet
911 321 964 361 ad
996 322 1143 361 domos
1186 321 1347 361 ibidem
1389 319 1694 359 construendas
1735 333 1811 372 pro

280 384 449 424 vicariis
473 384 667 437 ejusdem
690 385 878 425 ecclesiae
899 386 1013 438 ipsas
1044 389 1254 438 perpetuo
1285 383 1605 433 inhabitaturis,
1628 385 1673 422 et
1693 382 1810 422 aliud

279 449 332 488 ad
356 449 719 488 sustentacionem
740 450 963 489 domorum
984 450 1028 488 in
1061 449 1176 488 dicto
1207 448 1426 502 mesuagio
1457 450 1813 498 constructarum,

280 516 410 566 prout
450 513 496 551 in
527 513 655 552 cartis
686 512 953 553 feoffamenti
993 513 1187 566 praedicti
1229 510 1425 551 Nicholai
1466 511 1567 550 inde
1608 510 1814 550 confectis

282 577 453 630 plenius
495 577 756 616 continetur.
818 577 906 617 Nos
937 576 1211 616 affectionem
1242 576 1478 630 gratuitam
1511 575 1617 615 dicti
1650 574 1814 614 domini

283 639 481 680 Nicholai
499 641 749 693 propensius
766 641 1057 691 attendentes,
1074 644 1222 680 tenore
1239 639 1519 692 praesencium
1540 638 1813 678 concedimus

285 708 329 744 et
352 704 486 743 eciam
509 704 756 743 ordinamus
787 718 863 757 pro
891 704 1012 744 nobis
1044 708 1090 744 et
1121 703 1433 743 successoribus
1463 703 1621 742 nostris
1652 703 1698 741 in
1719 715 1816 755 per-

284 772 483 822 petuum,
504 768 616 821 quod
638 768 832 821 praedicti
854 768 998 807 vicarii
1021 768 1066 807 in
1088 767 1352 807 confectione
1374 767 1655 820 praesencinm
1670 779 1817 819 super-

286 833 425 883 stites,
463 832 663 872 videlicet
697 833 859 872 domini
895 833 1026 886 Hugo
1062 832 1115 872 de
1151 832 1448 885 Penyngston,
1485 831 1729 870 VVillelmus
1762 830 1816 870 de

285 895 494 947 Ellerker,
536 897 744 936 Ricardus
786 896 886 947 Paa,
928 896 1141 936 Robertus
1183 896 1235 935 de
1277 895 1592 948 Asmunderby,
1633 894 1816 934 Thomas

286 961 400 1000 filius
451 960 629 1000 Roberti
680 961 881 1014 Mariory,
925 964 968 1000 et
1009 959 1228 1001 Johannes
1269 959 1321 999 de
1365 959 1558 1012 Kyllum,
1610 959 1817 1012 quamdiu

286 1025 488 1074 vixerint,
507 1028 552 1064 et
573 1024 757 1077 quilibet
777 1025 849 1064 alii
871 1024 1013 1064 locum
1036 1037 1183 1064 eorum
1203 1027 1403 1063 tenentes
1426 1027 1471 1063 et
1493 1024 1574 1063 sibi
1596 1024 1817 1077 perpetuis

287 1089 552 1141 temporibus
575 1089 867 1138 succedenteS,
890 1088 1071 1143 singulis
1098 1088 1252 1128 ‘diebus
1284 1102 1359 1141 per
1389 1101 1551 1127 annum
1579 1101 1655 1141 pro
1676 1088 1819 1126 anima

288 1152 454 1206 praefati
477 1153 641 1192 domini
662 1153 700 1192 N
706 1152 873 1202 icholai,
895 1157 1138 1205 parentum,
1161 1156 1206 1192 et
1236 1156 1554 1192 antecessorum
1586 1156 1630 1192 et
1652 1165 1818 1191 succes-

291 1231 435 1257 sorum
475 1230 648 1257 suorum
690 1221 735 1257 et
776 1218 969 1256 omnium
1010 1217 1206 1256 fidelium
1247 1215 1549 1256 defunctorum
1591 1216 1818 1255 servicium

291 1285 574 1331 mortuorum,
617 1281 819 1321 videlicet
861 1279 1057 1331 Pzavcebo,
1094 1279 1268 1333 Dim‘gye,
1307 1284 1350 1320 et
1393 1279 1821 1320 Commendaoionem

286 1344 452 1399 jugiter
474 1345 619 1385 dicant
639 1349 768 1398 prout
789 1346 925 1395 decet,
940 1345 1138 1398 quodque
1151 1358 1226 1398 per
1242 1345 1428 1396 aliquem
1446 1345 1634 1396 ipsorum
1646 1343 1822 1382 missam

292 1423 367 1462 pro
390 1409 604 1449 defunctis
625 1410 677 1448 ad
699 1409 832 1448 altare
857 1409 1002 1449 Sancti
1024 1409 1050 1448 J
1054 1408 1233 1448 ohannis
1254 1408 1446 1460 Apostoli
1469 1412 1513 1447 et
1535 1406 1822 1460 Evangelistae

293 1474 339 1512 in
361 1473 539 1513 ecclesia
561 1477 797 1513 memorata
827 1476 928 1513 ante
950 1473 1285 1512 celebracionem
1307 1472 1446 1511 missae
1469 1471 1521 1511 de
1543 1471 1726 1511 Domina
1746 1484 1823 1523 pro

294 1538 517 1577 animabus
540 1538 894 1592 supradictorum,
918 1537 1098 1591 singulis
1121 1537 1271 1576 diebus
1288 1540 1338 1576 ut
1354 1536 1647 1589 praemittitur,
1669 1535 1822 1577 devote

295 1602 455 1642 faciant
476 1602 704 1653 celebrare,
731 1616 779 1641 ac
811 1603 946 1641 eciam
977 1602 1082 1641 duos
1114 1601 1256 1641 obitus
1280 1600 1461 1654 singulis
1482 1600 1604 1640 annis
1626 1601 1673 1639 in
1695 1599 1823 1640 choro

294 1670 440 1706 nostro
461 1680 559 1706 cum
580 1666 676 1705 aliis
709 1666 919 1705 ministris
951 1666 1076 1705 dictae
1109 1665 1293 1705 ecclesiae
1324 1664 1513 1717 plenarie
1546 1667 1590 1704 et
1622 1664 1822 1717 sollemp-

295 1731 426 1780 niter,
466 1744 564 1769 cum
606 1728 803 1781 Placebo,
845 1728 1017 1781 Dirigye,
1051 1729 1448 1779 Commendacione,
1491 1731 1536 1769 et
1576 1729 1705 1768 missa
1747 1741 1823 1781 pro

295 1794 518 1834 animabus
560 1794 791 1834 eorundem
824 1797 868 1833 et
899 1794 1091 1833 omnium
1123 1793 1316 1832 fidelium
1348 1792 1649 1832 defunctorum
1679 1793 1825 1832 dicant

295 1859 463 1908 devote,
485 1858 685 1898 videlicet
716 1871 853 1897 unum
884 1858 1021 1911 pridie
1045 1858 1147 1897 Idus
1169 1856 1420 1896 Novembris
1441 1860 1486 1896 et
1506 1856 1639 1896 alium
1659 1856 1825 1896 decimo

297 1921 513 1961 Kalendas
535 1921 562 1962 J
565 1922 641 1961 ulii
663 1923 707 1961 in
730 1925 1002 1975 perpetuum.
1045 1921 1103 1960 Et
1123 1920 1175 1960 ad
1198 1921 1340 1960 omnia
1361 1924 1405 1959 et
1427 1920 1595 1974 singula
1610 1919 1827 1973 praemissa

297 1986 482 2026 fideliter
505 1986 776 2036 observanda,
798 1986 991 2039 praedicti
1009 1985 1153 2024 vicarii
1172 1985 1423 2037 superstites
1436 1985 1481 2023 in
1497 1984 1622 2037 pleno
1639 1982 1827 2036 capitulo

295 2051 342 2090 in
383 2051 615 2104 praesencia
654 2054 811 2100 nostra,
852 2050 978 2089 tactis
1012 2050 1284 2089 sacrosanctis
1326 2049 1573 2102 evangeliis,
1614 2047 1826 2101 corporale

297 2118 609 2155 sacramentum
651 2115 960 2167 praestiterunt.
1023 2112 1130 2154 Cum
1171 2116 1319 2152 autem
1359 2113 1525 2152 dictum
1567 2110 1825 2151 Nicholaum

297 2178 425 2218 rebus
448 2177 649 2217 humanis
672 2178 800 2217 eximi
823 2178 1068 2231 contigerit,
1093 2177 1289 2216 similiter
1320 2177 1592 2216 concedimus
1625 2179 1670 2215 et
1690 2176 1826 2215 eciam

298 2243 560 2293 ordinamus,
589 2243 701 2296 quod
737 2242 830 2296 ejus
867 2242 1178 2281 anniversarius
1215 2241 1304 2280 dics
1340 2241 1385 2279 in
1418 2240 1552 2280 forma
1579 2240 1826 2293 praescripta

298 2321 397 2347 cum
420 2321 470 2347 ea
491 2307 721 2347 devocione
745 2311 789 2346 et
812 2306 1129 2359 sollempnitate
1161 2319 1244 2358 qua
1274 2305 1476 2344 convenit
1500 2303 1682 2358 singulis
1702 2304 1826 2343 annis

298 2371 343 2410 in
385 2375 644 2424 perpetuum
686 2371 941 2410 celebretur.
1004 2370 1060 2408 Et
1108 2372 1158 2409 ut
1200 2369 1341 2408 omnia
1384 2368 1626 2421 supradicta
1667 2367 1826 2406 futuris

298 2435 564 2488 temporibus
588 2435 669 2473 rite
702 2434 949 2487 procedant,
974 2437 1015 2473 et
1048 2433 1175 2473 robur
1205 2432 1422 2471 firmitatis
1454 2432 1693 2485 optineant,
1715 2430 1827 2470 ordi-

298 2512 450 2538 namus
472 2512 549 2551 per
580 2502 811 2551 praesentes
843 2498 954 2550 quod
978 2510 1124 2536 omnes
1146 2497 1292 2535 vicarii
1315 2496 1361 2535 in
1382 2499 1641 2549 perpetuum
1664 2507 1827 2534 succes·-

299 2563 385 2601 suri
439 2562 688 2615 priusquam
729 2562 1017 2601 admittantur
1059 2561 1103 2599 in
1146 2560 1366 2609 vicarium,
1409 2563 1451 2599 et
1504 2562 1620 2598 statu
1661 2558 1826 2597 vicariae

296 2626 512 2679 gaudeant
547 2625 737 2678 aliquali,
772 2625 824 2664 de
859 2624 1057 2664 omnibus
1094 2627 1139 2664 et
1173 2623 1351 2677 singulis
1381 2623 1610 2676 praemissis
1643 2621 1827 2661 fideliter

297 2689 569 2728 observandis
591 2688 809 2728 consimile
832 2691 1038 2741 praestent
1072 2690 1399 2727 sacramentum.
1461 2686 1519 2725 Et
1541 2689 1590 2725 ut
1611 2685 1827 2738 praemissa.

297 2753 439 2792 omnia
463 2756 507 2792 et
529 2752 697 2807 singula
719 2752 847 2791 robur
860 2752 1086 2805 optineant
1100 2754 1315 2805 perpetuae
1332 2750 1576 2799 firmitatis‚¹
1594 2752 1826 2802 praesentes

371 2848 427 2892 (l)
454 2848 556 2881 Parti
589 2847 819 2894 praesencium
853 2847 1036 2881 literarum
1071 2847 1115 2881 ad
1150 2847 1294 2881 modum
1327 2845 1527 2891 cirographi
1561 2844 1825 2890 duplicatarum

298 2911 403 2945 penes
435 2900 644 2945 praedictum
679 2899 874 2944 capitulum
908 2898 1102 2933 remanenti
1137 2899 1252 2933 dictus
1287 2898 1480 2933 Nicholaus
1521 2897 1677 2941 sigillum
1721 2908 1824 2930 suum

299 2951 568 2997 apposuit.-—(G
578 2952 769 2986 rceniivld's
791 2951 972 2996 RefflLster.)
