<?xml version="1.0" encoding="UTF-8"?>
<!DOCTYPE html PUBLIC "-//W3C//DTD XHTML 1.0 Transitional//EN"
    "http://www.w3.org/TR/xhtml1/DTD/xhtml1-transitional.dtd">
<html xmlns="http://www.w3.org/1999/xhtml" xml:lang="en" lang="en">
 <head>
  <title>
</title>
<meta http-equiv="Content-Type" content="text/html;charset=utf-8" />
  <meta name='ocr-system' content='tesseract 3.04.00' />
  <meta name='ocr-capabilities' content='ocr_page ocr_carea ocr_par ocr_line ocrx_word'/>
</head>
<body>
  <div class='ocr_page' id='page_1' title='image "./memorialsofchurc01fowl/memorialsofchurc01fowl_0346.png"; bbox 0 0 1935 3151; ppageno 0'>
   <div class='ocr_carea' id='block_1_1' title="bbox 114 128 1380 176">
    <p class='ocr_par' dir='ltr' id='par_1_1' title="bbox 114 128 1380 176">
     <span class='ocr_line' id='line_1_1' title="bbox 114 128 1380 176; baseline 0.002 -2"><span class='ocrx_word' id='word_1_1' title='bbox 114 128 206 175; x_wconf 86' lang='lat'>322</span> <span class='ocrx_word' id='word_1_2' title='bbox 822 143 1096 176; x_wconf 81' lang='lat' dir='ltr'><strong>MEMORIALS</strong></span> <span class='ocrx_word' id='word_1_3' title='bbox 1130 143 1188 176; x_wconf 82' lang='lat' dir='ltr'>OF</span> <span class='ocrx_word' id='word_1_4' title='bbox 1224 142 1380 176; x_wconf 81' lang='lat' dir='ltr'>RIPON.</span> 
     </span>
    </p>
   </div>
   <div class='ocr_carea' id='block_1_2' title="bbox 593 272 1615 309">
    <p class='ocr_par' dir='ltr' id='par_1_2' title="bbox 593 272 1615 309">
     <span class='ocr_line' id='line_1_2' title="bbox 593 272 1615 309; baseline 0.001 -1"><span class='ocrx_word' id='word_1_5' title='bbox 593 274 783 309; x_wconf 71' lang='lat' dir='ltr'><strong>OLAIMS</strong></span> <span class='ocrx_word' id='word_1_6' title='bbox 818 274 880 309; x_wconf 85' lang='lat' dir='ltr'>OF</span> <span class='ocrx_word' id='word_1_7' title='bbox 915 274 1243 309; x_wconf 83' lang='lat' dir='ltr'>ARCHBISHOP</span> <span class='ocrx_word' id='word_1_8' title='bbox 1281 272 1615 309; x_wconf 86' lang='lat' dir='ltr'>WIOKWAINE.</span> 
     </span>
    </p>
   </div>
   <div class='ocr_carea' id='block_1_3' title="bbox 107 350 1865 1476">
    <p class='ocr_par' dir='ltr' id='par_1_3' title="bbox 109 350 1865 771">
     <span class='ocr_line' id='line_1_3' title="bbox 342 350 1865 504; baseline 0.003 -68"><span class='ocrx_word' id='word_1_9' title='bbox 342 397 399 437; x_wconf 92' lang='lat' dir='ltr'>At</span> <span class='ocrx_word' id='word_1_10' title='bbox 420 411 461 450; x_wconf 93' lang='lat' dir='ltr'>p.</span> <span class='ocrx_word' id='word_1_11' title='bbox 479 398 532 437; x_wconf 88' lang='grc'>65</span> <span class='ocrx_word' id='word_1_12' title='bbox 554 397 653 438; x_wconf 87' lang='lat' dir='ltr'>read</span> <span class='ocrx_word' id='word_1_13' title='bbox 669 400 679 420; x_wconf 90' lang='lat'>‘</span> <span class='ocrx_word' id='word_1_14' title='bbox 696 401 719 438; x_wconf 90' lang='lat'>8</span> <span class='ocrx_word' id='word_1_15' title='bbox 738 398 854 439; x_wconf 85' lang='lat' dir='ltr'>Edw.</span> <span class='ocrx_word' id='word_1_16' title='bbox 870 399 906 438; x_wconf 92' lang='grc' dir='ltr'>Ι.</span> <span class='ocrx_word' id='word_1_17' title='bbox 928 397 1063 438; x_wconf 86' lang='lat' dir='ltr'>York.</span> <span class='ocrx_word' id='word_1_18' title='bbox 1091 350 1211 504; x_wconf 66' lang='lat'>1}2.</span> <span class='ocrx_word' id='word_1_19' title='bbox 1235 395 1336 453; x_wconf 80' lang='lat'>(25)</span> <span class='ocrx_word' id='word_1_20' title='bbox 1351 400 1374 438; x_wconf 92' lang='grc'>9</span> <span class='ocrx_word' id='word_1_21' title='bbox 1391 395 1587 453; x_wconf 89' lang='lat' dir='ltr'>(printed</span> <span class='ocrx_word' id='word_1_22' title='bbox 1602 397 1668 438; x_wconf 91' lang='lat' dir='ltr'>ed.</span> <span class='ocrx_word' id='word_1_23' title='bbox 1685 412 1727 452; x_wconf 91' lang='lat' dir='ltr'>p.</span> <span class='ocrx_word' id='word_1_24' title='bbox 1747 397 1865 454; x_wconf 87' lang='lat'>197).</span> 
     </span>
     <span class='ocr_line' id='line_1_4' title="bbox 109 521 1862 568; baseline 0.002 -4"><span class='ocrx_word' id='word_1_25' title='bbox 109 528 176 550; x_wconf 64' lang='grc' dir='ltr'>Μ’·</span> <span class='ocrx_word' id='word_1_26' title='bbox 194 521 279 550; x_wconf 79' lang='lat'>1279.</span> <span class='ocrx_word' id='word_1_27' title='bbox 341 523 431 565; x_wconf 91' lang='lat' dir='ltr'>The</span> <span class='ocrx_word' id='word_1_28' title='bbox 472 525 565 566; x_wconf 81' lang='lat' dir='ltr'>MS.</span> <span class='ocrx_word' id='word_1_29' title='bbox 607 526 830 566; x_wconf 83' lang='lat' dir='ltr'>continues</span> <span class='ocrx_word' id='word_1_30' title='bbox 870 524 947 566; x_wconf 88' lang='lat' dir='ltr'>the</span> <span class='ocrx_word' id='word_1_31' title='bbox 988 526 1116 565; x_wconf 85' lang='lat' dir='ltr'>claim</span> <span class='ocrx_word' id='word_1_32' title='bbox 1156 539 1201 566; x_wconf 91' lang='lat' dir='ltr'>as</span> <span class='ocrx_word' id='word_1_33' title='bbox 1241 525 1401 566; x_wconf 86' lang='lat' dir='ltr'>follows</span> <span class='ocrx_word' id='word_1_34' title='bbox 1420 525 1662 567; x_wconf 87' lang='lat' dir='ltr'>:—Clamat</span> <span class='ocrx_word' id='word_1_35' title='bbox 1703 526 1862 568; x_wconf 89' lang='lat' dir='ltr'>habere</span> 
     </span>
     <span class='ocr_line' id='line_1_5' title="bbox 109 576 1865 644; baseline 0.002 -17"><span class='ocrx_word' id='word_1_36' title='bbox 109 576 307 644; x_wconf 47' lang='lat' dir='ltr'>fssffi‘gggm&#39;</span> <span class='ocrx_word' id='word_1_37' title='bbox 341 592 605 629; x_wconf 77' lang='lat' dir='ltr'>coronatores</span> <span class='ocrx_word' id='word_1_38' title='bbox 639 590 829 642; x_wconf 92' lang='lat' dir='ltr'>proprios</span> <span class='ocrx_word' id='word_1_39' title='bbox 866 589 913 628; x_wconf 92' lang='lat' dir='ltr'>in</span> <span class='ocrx_word' id='word_1_40' title='bbox 954 589 1183 630; x_wconf 88' lang='lat' dir='ltr'>Beverlaco</span> <span class='ocrx_word' id='word_1_41' title='bbox 1224 603 1324 629; x_wconf 91' lang='lat' dir='ltr'>cum</span> <span class='ocrx_word' id='word_1_42' title='bbox 1359 589 1564 630; x_wconf 80' lang='lat' dir='ltr'><strong>membris</strong></span> <span class='ocrx_word' id='word_1_43' title='bbox 1602 590 1704 641; x_wconf 88' lang='lat' dir='ltr'>suis,</span> <span class='ocrx_word' id='word_1_44' title='bbox 1745 591 1865 632; x_wconf 87' lang='lat' dir='ltr'>vide-</span> 
     </span>
     <span class='ocr_line' id='line_1_6' title="bbox 110 652 1864 707; baseline 0.002 -16"><span class='ocrx_word' id='word_1_45' title='bbox 110 654 236 698; x_wconf 57' lang='lat' dir='ltr'>‹lefmjce</span> <span class='ocrx_word' id='word_1_46' title='bbox 340 652 442 692; x_wconf 89' lang='lat' dir='ltr'>licet</span> <span class='ocrx_word' id='word_1_47' title='bbox 482 652 592 692; x_wconf 86' lang='lat' dir='ltr'>infra</span> <span class='ocrx_word' id='word_1_48' title='bbox 633 653 757 692; x_wconf 85' lang='lat' dir='ltr'>feoda</span> <span class='ocrx_word' id='word_1_49' title='bbox 799 667 888 703; x_wconf 87' lang='lat' dir='ltr'>sua,</span> <span class='ocrx_word' id='word_1_50' title='bbox 932 656 976 692; x_wconf 91' lang='lat' dir='ltr'>et</span> <span class='ocrx_word' id='word_1_51' title='bbox 1012 654 1204 706; x_wconf 88' lang='lat' dir='ltr'>proprias</span> <span class='ocrx_word' id='word_1_52' title='bbox 1245 657 1424 693; x_wconf 85' lang='lat' dir='ltr'>tenuras</span> <span class='ocrx_word' id='word_1_53' title='bbox 1468 667 1563 693; x_wconf 90' lang='lat' dir='ltr'>suas</span> <span class='ocrx_word' id='word_1_54' title='bbox 1593 654 1639 693; x_wconf 91' lang='lat' dir='ltr'>in</span> <span class='ocrx_word' id='word_1_55' title='bbox 1670 668 1780 707; x_wconf 84' lang='lat' dir='ltr'>aqua</span> <span class='ocrx_word' id='word_1_56' title='bbox 1811 656 1864 695; x_wconf 90' lang='lat' dir='ltr'>de</span> 
     </span>
     <span class='ocr_line' id='line_1_7' title="bbox 109 694 1864 771; baseline 0.002 -17"><span class='ocrx_word' id='word_1_57' title='bbox 109 694 286 723; x_wconf 50' lang='lat' dir='ltr'>&#39;munuum&#39;</span> <span class='ocrx_word' id='word_1_58' title='bbox 340 716 445 756; x_wconf 90' lang='lat' dir='ltr'>Hull</span> <span class='ocrx_word' id='word_1_59' title='bbox 468 716 576 755; x_wconf 83' lang='lat' dir='ltr'>infra</span> <span class='ocrx_word' id='word_1_60' title='bbox 596 715 811 756; x_wconf 82' lang='lat' dir='ltr'>chenellas</span> <span class='ocrx_word' id='word_1_61' title='bbox 833 730 952 770; x_wconf 82' lang='lat' dir='ltr'>aquae</span> <span class='ocrx_word' id='word_1_62' title='bbox 974 717 1026 757; x_wconf 86' lang='lat' dir='ltr'>ab</span> <span class='ocrx_word' id='word_1_63' title='bbox 1047 717 1230 757; x_wconf 89' lang='lat' dir='ltr'>introitu</span> <span class='ocrx_word' id='word_1_64' title='bbox 1251 720 1400 770; x_wconf 89' lang='lat' dir='ltr'>portus</span> <span class='ocrx_word' id='word_1_65' title='bbox 1422 717 1493 757; x_wconf 92' lang='lat' dir='ltr'>del</span> <span class='ocrx_word' id='word_1_66' title='bbox 1513 717 1622 757; x_wconf 91' lang='lat' dir='ltr'>Hull</span> <span class='ocrx_word' id='word_1_67' title='bbox 1643 731 1779 771; x_wconf 88' lang='lat' dir='ltr'>usque</span> <span class='ocrx_word' id='word_1_68' title='bbox 1810 719 1864 759; x_wconf 92' lang='lat' dir='ltr'>ad</span> 
     </span>
    </p>

    <p class='ocr_par' dir='ltr' id='par_1_4' title="bbox 339 780 1864 835">
     <span class='ocr_line' id='line_1_8' title="bbox 339 780 1864 835; baseline 0.003 -17"><span class='ocrx_word' id='word_1_69' title='bbox 339 780 484 819; x_wconf 83' lang='lat' dir='ltr'>villam</span> <span class='ocrx_word' id='word_1_70' title='bbox 507 780 559 819; x_wconf 90' lang='lat' dir='ltr'>de</span> <span class='ocrx_word' id='word_1_71' title='bbox 574 780 694 820; x_wconf 80' lang='lat' dir='ltr'>Ake.l</span> <span class='ocrx_word' id='word_1_72' title='bbox 730 781 893 820; x_wconf 88' lang='lat' dir='ltr'>Eodem</span> <span class='ocrx_word' id='word_1_73' title='bbox 910 781 1036 821; x_wconf 92' lang='lat' dir='ltr'>modo</span> <span class='ocrx_word' id='word_1_74' title='bbox 1050 781 1208 820; x_wconf 88' lang='lat' dir='ltr'>clamat</span> <span class='ocrx_word' id='word_1_75' title='bbox 1222 780 1379 821; x_wconf 88' lang='lat' dir='ltr'>habere</span> <span class='ocrx_word' id='word_1_76' title='bbox 1394 785 1662 822; x_wconf 81' lang='lat' dir='ltr'>coronatores</span> <span class='ocrx_word' id='word_1_77' title='bbox 1674 783 1864 835; x_wconf 89' lang='lat' dir='ltr'>proprios</span> 
     </span>
    </p>

    <p class='ocr_par' dir='ltr' id='par_1_5' title="bbox 107 844 1864 1476">
     <span class='ocr_line' id='line_1_9' title="bbox 337 844 1864 900; baseline 0.003 -17"><span class='ocrx_word' id='word_1_78' title='bbox 337 844 450 896; x_wconf 88' lang='lat' dir='ltr'>apud</span> <span class='ocrx_word' id='word_1_79' title='bbox 472 844 624 897; x_wconf 86' lang='lat' dir='ltr'>Ripon’</span> <span class='ocrx_word' id='word_1_80' title='bbox 644 845 754 884; x_wconf 89' lang='lat' dir='ltr'>infra</span> <span class='ocrx_word' id='word_1_81' title='bbox 775 846 944 898; x_wconf 89' lang='lat' dir='ltr'>propria</span> <span class='ocrx_word' id='word_1_82' title='bbox 964 845 1090 885; x_wconf 84' lang='lat' dir='ltr'>feoda</span> <span class='ocrx_word' id='word_1_83' title='bbox 1112 859 1202 896; x_wconf 87' lang='lat' dir='ltr'>sua,</span> <span class='ocrx_word' id='word_1_84' title='bbox 1224 848 1270 885; x_wconf 85' lang='lat' dir='ltr'>et</span> <span class='ocrx_word' id='word_1_85' title='bbox 1285 848 1461 885; x_wconf 83' lang='lat' dir='ltr'>tenuras</span> <span class='ocrx_word' id='word_1_86' title='bbox 1484 860 1579 886; x_wconf 85' lang='lat' dir='ltr'>suas</span> <span class='ocrx_word' id='word_1_87' title='bbox 1595 847 1800 900; x_wconf 85' lang='lat' dir='ltr'>proprias,</span> <span class='ocrx_word' id='word_1_88' title='bbox 1817 851 1864 888; x_wconf 87' lang='lat' dir='ltr'>et</span> 
     </span>
     <span class='ocr_line' id='line_1_10' title="bbox 112 906 1862 964; baseline 0.002 -18"><span class='ocrx_word' id='word_1_89' title='bbox 112 917 294 947; x_wconf 72' lang='lat' dir='ltr'>Franchises</span> <span class='ocrx_word' id='word_1_90' title='bbox 337 906 415 947; x_wconf 91' lang='lat' dir='ltr'>hoc</span> <span class='ocrx_word' id='word_1_91' title='bbox 436 912 536 948; x_wconf 83' lang='lat' dir='ltr'>ante</span> <span class='ocrx_word' id='word_1_92' title='bbox 567 912 861 962; x_wconf 86' lang='lat' dir='ltr'>conquaestum</span> <span class='ocrx_word' id='word_1_93' title='bbox 892 909 1060 963; x_wconf 85' lang='lat' dir='ltr'>Angliae</span> <span class='ocrx_word' id='word_1_94' title='bbox 1096 923 1121 949; x_wconf 90' lang='lat' dir='ltr'>a</span> <span class='ocrx_word' id='word_1_95' title='bbox 1141 913 1335 963; x_wconf 89' lang='lat' dir='ltr'>tempore</span> <span class='ocrx_word' id='word_1_96' title='bbox 1370 910 1484 964; x_wconf 85' lang='lat' dir='ltr'>regis</span> <span class='ocrx_word' id='word_1_97' title='bbox 1517 910 1755 960; x_wconf 86' lang='lat' dir='ltr'>Aldestani,</span> <span class='ocrx_word' id='word_1_98' title='bbox 1786 911 1862 964; x_wconf 76' lang='lat' dir='ltr'>qui</span> 
     </span>
     <span class='ocr_line' id='line_1_11' title="bbox 108 958 1861 1029; baseline 0.002 -19"><span class='ocrx_word' id='word_1_99' title='bbox 108 958 296 1029; x_wconf 53' lang='grc' dir='ltr'>ᾗζῗῖζὲξᾞζζ</span> <span class='ocrx_word' id='word_1_100' title='bbox 336 972 519 1012; x_wconf 87' lang='lat' dir='ltr'>contulit</span> <span class='ocrx_word' id='word_1_101' title='bbox 540 973 729 1012; x_wconf 88' lang='lat' dir='ltr'>ecclesiis</span> <span class='ocrx_word' id='word_1_102' title='bbox 750 974 802 1013; x_wconf 92' lang='lat' dir='ltr'>de</span> <span class='ocrx_word' id='word_1_103' title='bbox 839 973 1006 1013; x_wconf 86' lang='lat' dir='ltr'>Beuerl&#39;</span> <span class='ocrx_word' id='word_1_104' title='bbox 1028 977 1072 1014; x_wconf 90' lang='lat' dir='ltr'>et</span> <span class='ocrx_word' id='word_1_105' title='bbox 1102 974 1154 1014; x_wconf 92' lang='lat' dir='ltr'>de</span> <span class='ocrx_word' id='word_1_106' title='bbox 1186 973 1351 1027; x_wconf 84' lang='lat' dir='ltr'>Rypon’</span> <span class='ocrx_word' id='word_1_107' title='bbox 1371 977 1506 1014; x_wconf 91' lang='lat' dir='ltr'>terras</span> <span class='ocrx_word' id='word_1_108' title='bbox 1539 988 1634 1014; x_wconf 91' lang='lat' dir='ltr'>suas</span> <span class='ocrx_word' id='word_1_109' title='bbox 1670 975 1861 1028; x_wconf 89' lang='lat' dir='ltr'>proprias</span> 
     </span>
     <span class='ocr_line' id='line_1_12' title="bbox 107 1030 1860 1092; baseline 0.002 -18"><span class='ocrx_word' id='word_1_110' title='bbox 107 1030 292 1080; x_wconf 60' lang='lat' dir='ltr'>⁰¹¹¹¹¹irffle&lt;s</span> <span class='ocrx_word' id='word_1_111' title='bbox 337 1037 397 1075; x_wconf 85' lang='lat' dir='ltr'>ita</span> <span class='ocrx_word' id='word_1_112' title='bbox 418 1036 550 1076; x_wconf 89' lang='lat' dir='ltr'>libere</span> <span class='ocrx_word' id='word_1_113' title='bbox 584 1037 696 1090; x_wconf 89' lang='lat' dir='ltr'>quod</span> <span class='ocrx_word' id='word_1_114' title='bbox 728 1037 873 1077; x_wconf 91' lang='lat' dir='ltr'>nullus</span> <span class='ocrx_word' id='word_1_115' title='bbox 894 1038 1094 1077; x_wconf 87' lang='lat' dir='ltr'>minister</span> <span class='ocrx_word' id='word_1_116' title='bbox 1124 1038 1237 1092; x_wconf 84' lang='lat' dir='ltr'>regis</span> <span class='ocrx_word' id='word_1_117' title='bbox 1258 1037 1353 1077; x_wconf 89' lang='lat' dir='ltr'>illas</span> <span class='ocrx_word' id='word_1_118' title='bbox 1384 1038 1568 1078; x_wconf 82' lang='lat' dir='ltr'>intraret</span> <span class='ocrx_word' id='word_1_119' title='bbox 1597 1038 1650 1078; x_wconf 88' lang='lat' dir='ltr'>ad</span> <span class='ocrx_word' id='word_1_120' title='bbox 1686 1038 1860 1091; x_wconf 78' lang='lat' dir='ltr'>aliquod</span> 
     </span>
     <span class='ocr_line' id='line_1_13' title="bbox 107 1083 1860 1155; baseline 0.001 -14"><span class='ocrx_word' id='word_1_121' title='bbox 107 1083 160 1141; x_wconf 69' lang='lat' dir='ltr'>trie</span> <span class='ocrx_word' id='word_1_122' title='bbox 175 1084 251 1142; x_wconf 33' lang='lat' dir='ltr'>Con,-</span> <span class='ocrx_word' id='word_1_123' title='bbox 341 1100 525 1139; x_wconf 89' lang='lat' dir='ltr'>officium</span> <span class='ocrx_word' id='word_1_124' title='bbox 547 1101 719 1140; x_wconf 90' lang='lat' dir='ltr'>domino</span> <span class='ocrx_word' id='word_1_125' title='bbox 741 1102 831 1155; x_wconf 83' lang='lat' dir='ltr'>regi</span> <span class='ocrx_word' id='word_1_126' title='bbox 853 1102 1074 1155; x_wconf 84' lang='lat' dir='ltr'>pertinens</span> <span class='ocrx_word' id='word_1_127' title='bbox 1097 1102 1422 1142; x_wconf 81' lang='lat' dir='ltr'>excercendum.</span> <span class='ocrx_word' id='word_1_128' title='bbox 1469 1102 1527 1142; x_wconf 92' lang='lat' dir='ltr'>Et</span> <span class='ocrx_word' id='word_1_129' title='bbox 1539 1105 1688 1155; x_wconf 90' lang='lat' dir='ltr'>postea</span> <span class='ocrx_word' id='word_1_130' title='bbox 1707 1102 1860 1143; x_wconf 88' lang='lat' dir='ltr'>beatus</span> 
     </span>
     <span class='ocr_line' id='line_1_14' title="bbox 335 1164 1862 1217; baseline 0.002 -14"><span class='ocrx_word' id='word_1_131' title='bbox 335 1178 408 1203; x_wconf 83' lang='lat' dir='ltr'>rex</span> <span class='ocrx_word' id='word_1_132' title='bbox 458 1164 635 1204; x_wconf 88' lang='lat' dir='ltr'>Edward</span> <span class='ocrx_word' id='word_1_133' title='bbox 678 1165 849 1204; x_wconf 84' lang='lat' dir='ltr'>easdem</span> <span class='ocrx_word' id='word_1_134' title='bbox 891 1165 1116 1206; x_wconf 82' lang='lat' dir='ltr'>libertates</span> <span class='ocrx_word' id='word_1_135' title='bbox 1158 1169 1273 1206; x_wconf 88' lang='lat' dir='ltr'>carta</span> <span class='ocrx_word' id='word_1_136' title='bbox 1314 1179 1390 1206; x_wconf 88' lang='lat' dir='ltr'>sua</span> <span class='ocrx_word' id='word_1_137' title='bbox 1431 1166 1713 1217; x_wconf 89' lang='lat' dir='ltr'>confirmavit,</span> <span class='ocrx_word' id='word_1_138' title='bbox 1754 1167 1862 1207; x_wconf 86' lang='lat' dir='ltr'>adeo</span> 
     </span>
     <span class='ocr_line' id='line_1_15' title="bbox 335 1227 1861 1284; baseline 0.002 -17"><span class='ocrx_word' id='word_1_139' title='bbox 335 1227 465 1268; x_wconf 87' lang='lat' dir='ltr'>libere</span> <span class='ocrx_word' id='word_1_140' title='bbox 489 1229 600 1268; x_wconf 86' lang='lat' dir='ltr'>sicut</span> <span class='ocrx_word' id='word_1_141' title='bbox 621 1229 768 1268; x_wconf 89' lang='lat' dir='ltr'>oculus</span> <span class='ocrx_word' id='word_1_142' title='bbox 799 1230 934 1283; x_wconf 84' lang='lat' dir='ltr'>possit</span> <span class='ocrx_word' id='word_1_143' title='bbox 970 1230 1114 1270; x_wconf 86' lang='lat' dir='ltr'>videre</span> <span class='ocrx_word' id='word_1_144' title='bbox 1145 1230 1214 1270; x_wconf 89' lang='lat' dir='ltr'>vel</span> <span class='ocrx_word' id='word_1_145' title='bbox 1245 1244 1316 1270; x_wconf 91' lang='lat' dir='ltr'>cor</span> <span class='ocrx_word' id='word_1_146' title='bbox 1336 1231 1558 1284; x_wconf 57' lang='lat' dir='ltr'>cogitare?</span> <span class='ocrx_word' id='word_1_147' title='bbox 1618 1231 1676 1270; x_wconf 92' lang='lat' dir='ltr'>Et</span> <span class='ocrx_word' id='word_1_148' title='bbox 1710 1233 1861 1284; x_wconf 88' lang='lat' dir='ltr'>postea</span> 
     </span>
     <span class='ocr_line' id='line_1_16' title="bbox 335 1294 1861 1349; baseline 0.003 -18"><span class='ocrx_word' id='word_1_149' title='bbox 335 1305 359 1331; x_wconf 86' lang='lat' dir='ltr'>a</span> <span class='ocrx_word' id='word_1_150' title='bbox 388 1295 580 1345; x_wconf 90' lang='lat' dir='ltr'>tempore</span> <span class='ocrx_word' id='word_1_151' title='bbox 613 1306 696 1345; x_wconf 90' lang='lat' dir='ltr'>quo</span> <span class='ocrx_word' id='word_1_152' title='bbox 729 1297 994 1334; x_wconf 83' lang='lat' dir='ltr'>coronatores</span> <span class='ocrx_word' id='word_1_153' title='bbox 1026 1295 1167 1347; x_wconf 90' lang='lat' dir='ltr'>primo</span> <span class='ocrx_word' id='word_1_154' title='bbox 1201 1294 1360 1348; x_wconf 87' lang='lat' dir='ltr'>provisi</span> <span class='ocrx_word' id='word_1_155' title='bbox 1392 1294 1571 1334; x_wconf 87' lang='lat' dir='ltr'>fuerunt</span> <span class='ocrx_word' id='word_1_156' title='bbox 1606 1294 1653 1334; x_wconf 88' lang='lat' dir='ltr'>in</span> <span class='ocrx_word' id='word_1_157' title='bbox 1688 1294 1861 1349; x_wconf 85' lang='lat' dir='ltr'>Anglia,</span> 
     </span>
     <span class='ocr_line' id='line_1_17' title="bbox 335 1357 1860 1412; baseline 0.002 -17"><span class='ocrx_word' id='word_1_158' title='bbox 335 1369 481 1395; x_wconf 89' lang='lat' dir='ltr'>omnes</span> <span class='ocrx_word' id='word_1_159' title='bbox 521 1357 848 1410; x_wconf 69' lang='lat' dir='ltr'>praedecessores</span> <span class='ocrx_word' id='word_1_160' title='bbox 890 1359 958 1398; x_wconf 91' lang='lat' dir='ltr'>sui</span> <span class='ocrx_word' id='word_1_161' title='bbox 991 1372 1126 1412; x_wconf 89' lang='lat' dir='ltr'>usque</span> <span class='ocrx_word' id='word_1_162' title='bbox 1159 1372 1275 1398; x_wconf 91' lang='lat' dir='ltr'>nunc</span> <span class='ocrx_word' id='word_1_163' title='bbox 1311 1357 1558 1399; x_wconf 88' lang='lat' dir='ltr'>habuerunt</span> <span class='ocrx_word' id='word_1_164' title='bbox 1593 1361 1860 1399; x_wconf 86' lang='lat' dir='ltr'>coronatores</span> 
     </span>
     <span class='ocr_line' id='line_1_18' title="bbox 334 1421 1860 1476; baseline 0.003 -17"><span class='ocrx_word' id='word_1_165' title='bbox 334 1421 520 1473; x_wconf 90' lang='lat' dir='ltr'>proprios</span> <span class='ocrx_word' id='word_1_166' title='bbox 542 1421 588 1460; x_wconf 92' lang='lat' dir='ltr'>in</span> <span class='ocrx_word' id='word_1_167' title='bbox 622 1422 745 1460; x_wconf 90' lang='lat' dir='ltr'>terris</span> <span class='ocrx_word' id='word_1_168' title='bbox 778 1422 864 1461; x_wconf 88' lang='lat' dir='ltr'>suis</span> <span class='ocrx_word' id='word_1_169' title='bbox 897 1422 1128 1475; x_wconf 63' lang='lat' dir='ltr'>praedictis,</span> <span class='ocrx_word' id='word_1_170' title='bbox 1150 1425 1196 1462; x_wconf 90' lang='lat' dir='ltr'>et</span> <span class='ocrx_word' id='word_1_171' title='bbox 1226 1436 1303 1476; x_wconf 90' lang='lat' dir='ltr'>per</span> <span class='ocrx_word' id='word_1_172' title='bbox 1333 1422 1429 1463; x_wconf 91' lang='lat' dir='ltr'>illos</span> <span class='ocrx_word' id='word_1_173' title='bbox 1462 1422 1680 1463; x_wconf 85' lang='lat' dir='ltr'>faciebant</span> <span class='ocrx_word' id='word_1_174' title='bbox 1716 1424 1860 1463; x_wconf 88' lang='lat' dir='ltr'>omnia</span> 
     </span>
    </p>
   </div>
   <div class='ocr_carea' id='block_1_4' title="bbox 333 1484 1326 1540">
    <p class='ocr_par' dir='ltr' id='par_1_6' title="bbox 333 1484 1326 1540">
     <span class='ocr_line' id='line_1_19' title="bbox 333 1484 1326 1540; baseline 0.004 -17"><span class='ocrx_word' id='word_1_175' title='bbox 333 1497 427 1536; x_wconf 86' lang='lat' dir='ltr'>quae</span> <span class='ocrx_word' id='word_1_176' title='bbox 448 1484 500 1523; x_wconf 90' lang='lat' dir='ltr'>ad</span> <span class='ocrx_word' id='word_1_177' title='bbox 521 1487 784 1524; x_wconf 86' lang='lat' dir='ltr'>coronatores</span> <span class='ocrx_word' id='word_1_178' title='bbox 806 1486 995 1538; x_wconf 91' lang='lat' dir='ltr'>proprios</span> <span class='ocrx_word' id='word_1_179' title='bbox 1017 1486 1326 1540; x_wconf 82' lang='lat' dir='ltr'>pertinebant.3</span> 
     </span>
    </p>
   </div>
   <div class='ocr_carea' id='block_1_5' title="bbox 357 1612 1834 1709">
    <p class='ocr_par' dir='ltr' id='par_1_7' title="bbox 357 1612 1834 1709">
     <span class='ocr_line' id='line_1_20' title="bbox 357 1612 1834 1651; baseline 0.002 -5"><span class='ocrx_word' id='word_1_180' title='bbox 357 1612 733 1649; x_wconf 87' lang='lat' dir='ltr'>CONFIRMATION</span> <span class='ocrx_word' id='word_1_181' title='bbox 768 1614 830 1649; x_wconf 88' lang='lat' dir='ltr'>OF</span> <span class='ocrx_word' id='word_1_182' title='bbox 865 1614 931 1650; x_wconf 80' lang='lat' dir='ltr'>ST.</span> <span class='ocrx_word' id='word_1_183' title='bbox 967 1615 1137 1650; x_wconf 86' lang='lat' dir='ltr'>JOHN&#39;S</span> <span class='ocrx_word' id='word_1_184' title='bbox 1174 1615 1428 1651; x_wconf 86' lang='lat' dir='ltr'>HOSPITAL</span> <span class='ocrx_word' id='word_1_185' title='bbox 1465 1615 1527 1650; x_wconf 89' lang='grc' dir='ltr'>ΤΟ</span> <span class='ocrx_word' id='word_1_186' title='bbox 1566 1615 1731 1650; x_wconf 83' lang='lat' dir='ltr'><strong>DAVID</strong></span> <span class='ocrx_word' id='word_1_187' title='bbox 1766 1615 1834 1649; x_wconf 87' lang='lat' dir='ltr'>DE</span> 
     </span>
     <span class='ocr_line' id='line_1_21' title="bbox 944 1673 1259 1709; baseline 0.003 -1"><span class='ocrx_word' id='word_1_188' title='bbox 944 1673 1259 1709; x_wconf 57' lang='lat' dir='ltr'>WOLLOUREfi</span> 
     </span>
    </p>
   </div>
   <div class='ocr_carea' id='block_1_6' title="bbox 103 1741 1860 1937">
    <p class='ocr_par' dir='ltr' id='par_1_8' title="bbox 103 1741 1860 1937">
     <span class='ocr_line' id='line_1_22' title="bbox 405 1741 1786 1790; baseline 0.003 -14"><span class='ocrx_word' id='word_1_189' title='bbox 405 1741 498 1785; x_wconf 80' lang='lat' dir='ltr'>(MS.</span> <span class='ocrx_word' id='word_1_190' title='bbox 526 1743 657 1778; x_wconf 85' lang='lat' dir='ltr'>P.R.O.</span> <span class='ocrx_word' id='word_1_191' title='bbox 683 1743 834 1779; x_wconf 56' lang='lat' dir='ltr'>lunum</span> <span class='ocrx_word' id='word_1_192' title='bbox 858 1744 974 1789; x_wconf 69' lang='lat' dir='ltr'>Rom,</span> <span class='ocrx_word' id='word_1_193' title='bbox 1001 1745 1045 1782; x_wconf 90' lang='grc'><strong>17</strong></span> <span class='ocrx_word' id='word_1_194' title='bbox 1071 1745 1241 1780; x_wconf 79' lang='lat' dir='ltr'>EDWARD</span> <span class='ocrx_word' id='word_1_195' title='bbox 1266 1746 1301 1788; x_wconf 89' lang='lat'>3,</span> <span class='ocrx_word' id='word_1_196' title='bbox 1326 1744 1416 1780; x_wconf 81' lang='lat' dir='ltr'>Part</span> <span class='ocrx_word' id='word_1_197' title='bbox 1432 1746 1467 1790; x_wconf 86' lang='grc'>2,</span> <span class='ocrx_word' id='word_1_198' title='bbox 1484 1744 1692 1780; x_wconf 82' lang='lat' dir='ltr'>Membrane</span> <span class='ocrx_word' id='word_1_199' title='bbox 1710 1746 1786 1788; x_wconf 77' lang='lat'>36.)</span> 
     </span>
     <span class='ocr_line' id='line_1_23' title="bbox 105 1788 1858 1873; baseline 0.004 -21"><span class='ocrx_word' id='word_1_200' title='bbox 105 1793 170 1852; x_wconf 41' lang='grc' dir='ltr'>ἴῃ)</span> <span class='ocrx_word' id='word_1_201' title='bbox 184 1788 291 1855; x_wconf 47' lang='grc'><strong>13355111</strong></span> <span class='ocrx_word' id='word_1_202' title='bbox 421 1816 510 1856; x_wconf 85' lang='lat' dir='ltr'>Rex</span> <span class='ocrx_word' id='word_1_203' title='bbox 544 1817 740 1857; x_wconf 87' lang='lat' dir='ltr'>omnibus</span> <span class='ocrx_word' id='word_1_204' title='bbox 771 1817 824 1858; x_wconf 87' lang='lat' dir='ltr'>ad</span> <span class='ocrx_word' id='word_1_205' title='bbox 855 1832 975 1871; x_wconf 86' lang='lat' dir='ltr'>quos,</span> <span class='ocrx_word' id='word_1_206' title='bbox 1010 1822 1092 1859; x_wconf 90' lang='lat' dir='ltr'>etc.</span> <span class='ocrx_word' id='word_1_207' title='bbox 1128 1819 1326 1860; x_wconf 87' lang='lat' dir='ltr'>salutem.</span> <span class='ocrx_word' id='word_1_208' title='bbox 1389 1820 1662 1873; x_wconf 88' lang='lat' dir='ltr'>Inspeximus</span> <span class='ocrx_word' id='word_1_209' title='bbox 1698 1822 1858 1860; x_wconf 85' lang='lat' dir='ltr'>cartam</span> 
     </span>
     <span class='ocr_line' id='line_1_24' title="bbox 103 1864 1860 1937; baseline 0.003 -20"><span class='ocrx_word' id='word_1_210' title='bbox 103 1864 241 1932; x_wconf 44' lang='lat' dir='ltr'>{figm-</span> <span class='ocrx_word' id='word_1_211' title='bbox 333 1893 461 1931; x_wconf 82' lang='lat' dir='ltr'>quam</span> <span class='ocrx_word' id='word_1_212' title='bbox 494 1879 676 1921; x_wconf 86' lang='lat' dir='ltr'>Thomas</span> <span class='ocrx_word' id='word_1_213' title='bbox 718 1882 933 1935; x_wconf 89' lang='lat' dir='ltr'>quondam</span> <span class='ocrx_word' id='word_1_214' title='bbox 979 1883 1107 1923; x_wconf 87' lang='lat' dir='ltr'>Ebor.</span> <span class='ocrx_word' id='word_1_215' title='bbox 1151 1883 1506 1937; x_wconf 89' lang='lat' dir='ltr'>Archiepiscopus</span> <span class='ocrx_word' id='word_1_216' title='bbox 1542 1883 1648 1923; x_wconf 91' lang='lat' dir='ltr'>fecit</span> <span class='ocrx_word' id='word_1_217' title='bbox 1681 1883 1772 1923; x_wconf 90' lang='lat' dir='ltr'>Deo</span> <span class='ocrx_word' id='word_1_218' title='bbox 1814 1887 1860 1923; x_wconf 90' lang='lat' dir='ltr'>et</span> 
     </span>
    </p>
   </div>
   <div class='ocr_carea' id='block_1_7' title="bbox 333 1941 1839 2001">
    <p class='ocr_par' dir='ltr' id='par_1_9' title="bbox 333 1941 1839 2001">
     <span class='ocr_line' id='line_1_25' title="bbox 333 1941 1839 2001; baseline 0.005 -20"><span class='ocrx_word' id='word_1_219' title='bbox 333 1941 531 1996; x_wconf 82' lang='lat' dir='ltr'>hospitali</span> <span class='ocrx_word' id='word_1_220' title='bbox 554 1943 699 1985; x_wconf 83' lang='lat' dir='ltr'>Sancti</span> <span class='ocrx_word' id='word_1_221' title='bbox 721 1946 747 1986; x_wconf 86' lang='lat' dir='ltr'>J</span> <span class='ocrx_word' id='word_1_222' title='bbox 751 1945 930 1987; x_wconf 89' lang='lat' dir='ltr'>ohannis</span> <span class='ocrx_word' id='word_1_223' title='bbox 953 1947 1161 2001; x_wconf 74' lang='lat' dir='ltr'>Baptistae</span> <span class='ocrx_word' id='word_1_224' title='bbox 1183 1948 1236 1988; x_wconf 91' lang='lat' dir='ltr'>de</span> <span class='ocrx_word' id='word_1_225' title='bbox 1258 1947 1424 2001; x_wconf 86' lang='lat' dir='ltr'>Rypon&#39;</span> <span class='ocrx_word' id='word_1_226' title='bbox 1444 1948 1490 1987; x_wconf 90' lang='lat' dir='ltr'>in</span> <span class='ocrx_word' id='word_1_227' title='bbox 1513 1946 1602 1987; x_wconf 89' lang='lat' dir='ltr'>haec</span> <span class='ocrx_word' id='word_1_228' title='bbox 1624 1947 1753 1987; x_wconf 86' lang='lat' dir='ltr'>verba</span> <span class='ocrx_word' id='word_1_229' title='bbox 1767 1963 1839 1988; x_wconf 85' lang='lat'>:—</span> 
     </span>
    </p>
   </div>
   <div class='ocr_carea' id='block_1_8' title="bbox 335 2037 1862 2809">
    <p class='ocr_par' dir='ltr' id='par_1_10' title="bbox 404 2037 1810 2087">
     <span class='ocr_line' id='line_1_26' title="bbox 404 2037 1810 2087; baseline 0.004 -17"><span class='ocrx_word' id='word_1_230' title='bbox 404 2037 459 2079; x_wconf 70' lang='lat'>(1)</span> <span class='ocrx_word' id='word_1_231' title='bbox 487 2038 592 2081; x_wconf 80' lang='lat' dir='ltr'>Aike,</span> <span class='ocrx_word' id='word_1_232' title='bbox 610 2038 644 2072; x_wconf 87' lang='lat' dir='ltr'>in</span> <span class='ocrx_word' id='word_1_233' title='bbox 662 2039 724 2074; x_wconf 85' lang='lat' dir='ltr'>the</span> <span class='ocrx_word' id='word_1_234' title='bbox 742 2039 862 2084; x_wconf 77' lang='lat' dir='ltr'>parish</span> <span class='ocrx_word' id='word_1_235' title='bbox 879 2040 920 2075; x_wconf 88' lang='lat' dir='ltr'>of</span> <span class='ocrx_word' id='word_1_236' title='bbox 933 2041 1175 2087; x_wconf 85' lang='lat' dir='ltr'>Lockington,</span> <span class='ocrx_word' id='word_1_237' title='bbox 1194 2041 1305 2077; x_wconf 81' lang='lat' dir='ltr'>about</span> <span class='ocrx_word' id='word_1_238' title='bbox 1321 2042 1453 2076; x_wconf 86' lang='lat' dir='ltr'>twelve</span> <span class='ocrx_word' id='word_1_239' title='bbox 1470 2041 1572 2076; x_wconf 88' lang='lat' dir='ltr'>miles</span> <span class='ocrx_word' id='word_1_240' title='bbox 1589 2041 1634 2076; x_wconf 92' lang='lat' dir='ltr'>N.</span> <span class='ocrx_word' id='word_1_241' title='bbox 1654 2041 1694 2075; x_wconf 89' lang='lat' dir='ltr'>of</span> <span class='ocrx_word' id='word_1_242' title='bbox 1707 2041 1810 2077; x_wconf 92' lang='lat' dir='ltr'>Hull.</span> 
     </span>
    </p>

    <p class='ocr_par' dir='ltr' id='par_1_11' title="bbox 335 2090 1862 2395">
     <span class='ocr_line' id='line_1_27' title="bbox 405 2090 1857 2140; baseline 0.003 -17"><span class='ocrx_word' id='word_1_243' title='bbox 405 2091 460 2133; x_wconf 85' lang='grc'>(2)</span> <span class='ocrx_word' id='word_1_244' title='bbox 486 2090 560 2125; x_wconf 76' lang='lat' dir='ltr'>The</span> <span class='ocrx_word' id='word_1_245' title='bbox 578 2091 689 2126; x_wconf 87' lang='lat' dir='ltr'>rimcd</span> <span class='ocrx_word' id='word_1_246' title='bbox 707 2093 847 2127; x_wconf 84' lang='lat' dir='ltr'>charter</span> <span class='ocrx_word' id='word_1_247' title='bbox 864 2093 920 2127; x_wconf 85' lang='lat' dir='ltr'>for</span> <span class='ocrx_word' id='word_1_248' title='bbox 930 2094 1103 2140; x_wconf 85' lang='lat' dir='ltr'>Beverley</span> <span class='ocrx_word' id='word_1_249' title='bbox 1114 2095 1277 2130; x_wconf 85' lang='lat' dir='ltr'>contains</span> <span class='ocrx_word' id='word_1_250' title='bbox 1289 2095 1349 2129; x_wconf 88' lang='lat' dir='ltr'>the</span> <span class='ocrx_word' id='word_1_251' title='bbox 1362 2094 1451 2129; x_wconf 86' lang='lat' dir='ltr'>lines</span> <span class='ocrx_word' id='word_1_252' title='bbox 1476 2094 1581 2129; x_wconf 83' lang='lat' dir='ltr'>‘Swa</span> <span class='ocrx_word' id='word_1_253' title='bbox 1593 2093 1704 2128; x_wconf 87' lang='lat' dir='ltr'>mikel</span> <span class='ocrx_word' id='word_1_254' title='bbox 1719 2093 1857 2128; x_wconf 88' lang='lat' dir='ltr'>fredom</span> 
     </span>
     <span class='ocr_line' id='line_1_28' title="bbox 336 2140 1859 2192; baseline 0.004 -18"><span class='ocrx_word' id='word_1_255' title='bbox 336 2140 416 2185; x_wconf 68' lang='lat' dir='ltr'>give</span> <span class='ocrx_word' id='word_1_256' title='bbox 434 2141 445 2175; x_wconf 87' lang='lat' dir='ltr'>i</span> <span class='ocrx_word' id='word_1_257' title='bbox 462 2153 504 2186; x_wconf 73' lang='lat' dir='ltr'>yc</span> <span class='ocrx_word' id='word_1_258' title='bbox 523 2141 606 2176; x_wconf 81' lang='lat' dir='ltr'>Swa</span> <span class='ocrx_word' id='word_1_259' title='bbox 623 2143 703 2177; x_wconf 82' lang='lat' dir='ltr'>hert</span> <span class='ocrx_word' id='word_1_260' title='bbox 720 2156 802 2189; x_wconf 80' lang='lat' dir='ltr'>may</span> <span class='ocrx_word' id='word_1_261' title='bbox 821 2144 923 2179; x_wconf 81' lang='lat' dir='ltr'>think</span> <span class='ocrx_word' id='word_1_262' title='bbox 949 2157 989 2180; x_wconf 92' lang='lat' dir='ltr'>or</span> <span class='ocrx_word' id='word_1_263' title='bbox 1013 2147 1101 2191; x_wconf 82' lang='lat' dir='ltr'>eghe</span> <span class='ocrx_word' id='word_1_264' title='bbox 1126 2147 1207 2181; x_wconf 59' lang='lat' dir='ltr'>see!</span> <span class='ocrx_word' id='word_1_265' title='bbox 1255 2147 1299 2180; x_wconf 86' lang='lat' dir='ltr'>In</span> <span class='ocrx_word' id='word_1_266' title='bbox 1325 2146 1500 2192; x_wconf 86' lang='lat' dir='ltr'>Beverley</span> <span class='ocrx_word' id='word_1_267' title='bbox 1519 2145 1670 2180; x_wconf 81' lang='lat' dir='ltr'>minster</span> <span class='ocrx_word' id='word_1_268' title='bbox 1682 2146 1712 2180; x_wconf 85' lang='lat' dir='ltr'>is</span> <span class='ocrx_word' id='word_1_269' title='bbox 1731 2157 1776 2180; x_wconf 78' lang='lat' dir='ltr'>an</span> <span class='ocrx_word' id='word_1_270' title='bbox 1797 2146 1859 2180; x_wconf 85' lang='lat' dir='ltr'>old</span> 
     </span>
     <span class='ocr_line' id='line_1_29' title="bbox 335 2193 1860 2245; baseline 0.004 -20"><span class='ocrx_word' id='word_1_271' title='bbox 335 2193 469 2238; x_wconf 80' lang='lat' dir='ltr'>picture</span> <span class='ocrx_word' id='word_1_272' title='bbox 492 2194 531 2227; x_wconf 88' lang='lat' dir='ltr'>of</span> <span class='ocrx_word' id='word_1_273' title='bbox 552 2205 572 2228; x_wconf 77' lang='lat' dir='ltr'>a</span> <span class='ocrx_word' id='word_1_274' title='bbox 593 2194 678 2240; x_wconf 80' lang='lat' dir='ltr'>king</span> <span class='ocrx_word' id='word_1_275' title='bbox 699 2196 903 2242; x_wconf 82' lang='lat' dir='ltr'>presenting</span> <span class='ocrx_word' id='word_1_276' title='bbox 923 2201 960 2232; x_wconf 88' lang='lat' dir='ltr'>to</span> <span class='ocrx_word' id='word_1_277' title='bbox 987 2209 1033 2232; x_wconf 80' lang='lat' dir='ltr'>un</span> <span class='ocrx_word' id='word_1_278' title='bbox 1055 2198 1269 2244; x_wconf 81' lang='lat' dir='ltr'>archbishop</span> <span class='ocrx_word' id='word_1_279' title='bbox 1298 2210 1343 2232; x_wconf 80' lang='lat' dir='ltr'>an</span> <span class='ocrx_word' id='word_1_280' title='bbox 1361 2210 1452 2245; x_wconf 89' lang='lat' dir='ltr'>open</span> <span class='ocrx_word' id='word_1_281' title='bbox 1469 2198 1537 2233; x_wconf 86' lang='lat' dir='ltr'>roll</span> <span class='ocrx_word' id='word_1_282' title='bbox 1554 2198 1643 2232; x_wconf 78' lang='lat' dir='ltr'>with</span> <span class='ocrx_word' id='word_1_283' title='bbox 1660 2198 1723 2232; x_wconf 81' lang='lat' dir='ltr'>the</span> <span class='ocrx_word' id='word_1_284' title='bbox 1740 2199 1860 2232; x_wconf 83' lang='lat' dir='ltr'>words</span> 
     </span>
     <span class='ocr_line' id='line_1_30' title="bbox 337 2245 1860 2296; baseline 0.005 -20"><span class='ocrx_word' id='word_1_285' title='bbox 337 2247 344 2262; x_wconf 88' lang='lat'>‘</span> <span class='ocrx_word' id='word_1_286' title='bbox 360 2245 426 2277; x_wconf 65' lang='lat' dir='ltr'>Als</span> <span class='ocrx_word' id='word_1_287' title='bbox 446 2245 495 2279; x_wconf 81' lang='lat' dir='ltr'>fre</span> <span class='ocrx_word' id='word_1_288' title='bbox 515 2246 616 2280; x_wconf 81' lang='lat' dir='ltr'>make</span> <span class='ocrx_word' id='word_1_289' title='bbox 635 2248 653 2281; x_wconf 94' lang='lat'>1</span> <span class='ocrx_word' id='word_1_290' title='bbox 672 2247 732 2282; x_wconf 85' lang='lat' dir='ltr'>the</span> <span class='ocrx_word' id='word_1_291' title='bbox 750 2260 787 2282; x_wconf 80' lang='lat' dir='ltr'>as</span> <span class='ocrx_word' id='word_1_292' title='bbox 804 2248 882 2283; x_wconf 86' lang='lat' dir='ltr'>hert</span> <span class='ocrx_word' id='word_1_293' title='bbox 910 2261 991 2295; x_wconf 87' lang='lat' dir='ltr'>may</span> <span class='ocrx_word' id='word_1_294' title='bbox 1009 2250 1145 2296; x_wconf 77' lang='lat' dir='ltr'>thynke</span> <span class='ocrx_word' id='word_1_295' title='bbox 1163 2262 1202 2285; x_wconf 91' lang='lat' dir='ltr'>or</span> <span class='ocrx_word' id='word_1_296' title='bbox 1220 2250 1288 2296; x_wconf 87' lang='lat' dir='ltr'>egh</span> <span class='ocrx_word' id='word_1_297' title='bbox 1307 2262 1390 2296; x_wconf 82' lang='lat' dir='ltr'>may</span> <span class='ocrx_word' id='word_1_298' title='bbox 1407 2251 1487 2285; x_wconf 82' lang='lat' dir='ltr'>see.’</span> <span class='ocrx_word' id='word_1_299' title='bbox 1535 2250 1611 2285; x_wconf 79' lang='lat' dir='ltr'>The</span> <span class='ocrx_word' id='word_1_300' title='bbox 1629 2261 1725 2284; x_wconf 84' lang='lat' dir='ltr'>same</span> <span class='ocrx_word' id='word_1_301' title='bbox 1743 2250 1860 2284; x_wconf 88' lang='lat' dir='ltr'>words</span> 
     </span>
     <span class='ocr_line' id='line_1_31' title="bbox 335 2298 1862 2349; baseline 0.005 -20"><span class='ocrx_word' id='word_1_302' title='bbox 335 2307 393 2330; x_wconf 79' lang='lat' dir='ltr'>are</span> <span class='ocrx_word' id='word_1_303' title='bbox 417 2298 546 2342; x_wconf 79' lang='lat' dir='ltr'>quoted</span> <span class='ocrx_word' id='word_1_304' title='bbox 571 2299 606 2332; x_wconf 90' lang='lat' dir='ltr'>in</span> <span class='ocrx_word' id='word_1_305' title='bbox 632 2310 653 2333; x_wconf 81' lang='lat' dir='ltr'>a</span> <span class='ocrx_word' id='word_1_306' title='bbox 677 2301 885 2346; x_wconf 84' lang='lat' dir='ltr'>patent-roll</span> <span class='ocrx_word' id='word_1_307' title='bbox 911 2301 951 2336; x_wconf 85' lang='lat' dir='ltr'>of</span> <span class='ocrx_word' id='word_1_308' title='bbox 972 2303 995 2336; x_wconf 88' lang='grc'>4</span> <span class='ocrx_word' id='word_1_309' title='bbox 1020 2302 1115 2338; x_wconf 87' lang='lat' dir='ltr'>Hen.</span> <span class='ocrx_word' id='word_1_310' title='bbox 1142 2303 1209 2339; x_wconf 91' lang='lat' dir='ltr'>IV.</span> <span class='ocrx_word' id='word_1_311' title='bbox 1228 2303 1369 2349; x_wconf 86' lang='lat' dir='ltr'>printed</span> <span class='ocrx_word' id='word_1_312' title='bbox 1389 2303 1426 2336; x_wconf 90' lang='lat' dir='ltr'>in</span> <span class='ocrx_word' id='word_1_313' title='bbox 1452 2302 1514 2338; x_wconf 83' lang='lat' dir='ltr'>the</span> <span class='ocrx_word' id='word_1_314' title='bbox 1532 2302 1772 2346; x_wconf 80' lang='lat' dir='ltr'>Monastieon,</span> <span class='ocrx_word' id='word_1_315' title='bbox 1791 2302 1862 2336; x_wconf 88' lang='lat' dir='ltr'>and</span> 
     </span>
     <span class='ocr_line' id='line_1_32' title="bbox 337 2348 659 2395; baseline 0.019 -16"><span class='ocrx_word' id='word_1_316' title='bbox 337 2360 390 2380; x_wconf 68' lang='lat' dir='ltr'>see</span> <span class='ocrx_word' id='word_1_317' title='bbox 409 2348 533 2391; x_wconf 71' lang='lat' dir='ltr'>above,</span> <span class='ocrx_word' id='word_1_318' title='bbox 551 2362 584 2395; x_wconf 88' lang='lat' dir='ltr'>p.</span> <span class='ocrx_word' id='word_1_319' title='bbox 603 2351 659 2385; x_wconf 82' lang='lat'>81.</span> 
     </span>
    </p>

    <p class='ocr_par' dir='ltr' id='par_1_12' title="bbox 338 2401 1862 2809">
     <span class='ocr_line' id='line_1_33' title="bbox 410 2401 1859 2453; baseline 0.006 -21"><span class='ocrx_word' id='word_1_320' title='bbox 410 2403 465 2444; x_wconf 74' lang='lat'>(3)</span> <span class='ocrx_word' id='word_1_321' title='bbox 493 2401 532 2433; x_wconf 85' lang='lat' dir='ltr'>In</span> <span class='ocrx_word' id='word_1_322' title='bbox 561 2414 592 2446; x_wconf 85' lang='lat' dir='ltr'>p.</span> <span class='ocrx_word' id='word_1_323' title='bbox 611 2404 667 2441; x_wconf 76' lang='lat'>65,</span> <span class='ocrx_word' id='word_1_324' title='bbox 686 2403 708 2437; x_wconf 93' lang='lat' dir='ltr'>l.</span> <span class='ocrx_word' id='word_1_325' title='bbox 736 2405 791 2442; x_wconf 81' lang='grc'>22,</span> <span class='ocrx_word' id='word_1_326' title='bbox 811 2405 901 2439; x_wconf 77' lang='lat' dir='ltr'>after</span> <span class='ocrx_word' id='word_1_327' title='bbox 919 2408 927 2424; x_wconf 88' lang='lat'>‘</span> <span class='ocrx_word' id='word_1_328' title='bbox 942 2406 1055 2452; x_wconf 79' lang='lat' dir='ltr'>Regi,’</span> <span class='ocrx_word' id='word_1_329' title='bbox 1073 2407 1150 2442; x_wconf 81' lang='lat' dir='ltr'>MS.</span> <span class='ocrx_word' id='word_1_330' title='bbox 1176 2407 1241 2441; x_wconf 85' lang='lat' dir='ltr'>has</span> <span class='ocrx_word' id='word_1_331' title='bbox 1266 2409 1275 2427; x_wconf 90' lang='lat'>‘</span> <span class='ocrx_word' id='word_1_332' title='bbox 1290 2407 1334 2442; x_wconf 87' lang='lat' dir='ltr'>de</span> <span class='ocrx_word' id='word_1_333' title='bbox 1362 2406 1515 2453; x_wconf 59' lang='lat' dir='ltr'>placito}</span> <span class='ocrx_word' id='word_1_334' title='bbox 1533 2406 1602 2441; x_wconf 82' lang='lat' dir='ltr'>and</span> <span class='ocrx_word' id='word_1_335' title='bbox 1630 2406 1654 2441; x_wconf 93' lang='lat'>1.</span> <span class='ocrx_word' id='word_1_336' title='bbox 1673 2406 1719 2440; x_wconf 83' lang='lat'>23</span> <span class='ocrx_word' id='word_1_337' title='bbox 1746 2410 1778 2440; x_wconf 79' lang='lat' dir='ltr'>et</span> <span class='ocrx_word' id='word_1_338' title='bbox 1803 2418 1859 2441; x_wconf 88' lang='lat' dir='ltr'>re-</span> 
     </span>
     <span class='ocr_line' id='line_1_34' title="bbox 339 2453 1858 2505; baseline 0.006 -21"><span class='ocrx_word' id='word_1_339' title='bbox 339 2453 503 2489; x_wconf 76' lang='lat' dir='ltr'>t11r111111=.&#39;</span> <span class='ocrx_word' id='word_1_340' title='bbox 521 2456 596 2497; x_wconf 61' lang='lat' dir='ltr'>Rc,</span> <span class='ocrx_word' id='word_1_341' title='bbox 615 2455 681 2488; x_wconf 81' lang='lat' dir='ltr'>aud</span> <span class='ocrx_word' id='word_1_342' title='bbox 700 2468 737 2488; x_wconf 79' lang='grc'>50</span> <span class='ocrx_word' id='word_1_343' title='bbox 754 2455 787 2489; x_wconf 86' lang='lat' dir='ltr'>in</span> <span class='ocrx_word' id='word_1_344' title='bbox 806 2457 890 2490; x_wconf 76' lang='lat' dir='ltr'>each</span> <span class='ocrx_word' id='word_1_345' title='bbox 908 2457 1045 2503; x_wconf 84' lang='lat' dir='ltr'>clause;</span> <span class='ocrx_word' id='word_1_346' title='bbox 1071 2459 1093 2493; x_wconf 94' lang='lat' dir='ltr'>l.</span> <span class='ocrx_word' id='word_1_347' title='bbox 1112 2461 1169 2502; x_wconf 81' lang='grc'>26,</span> <span class='ocrx_word' id='word_1_348' title='bbox 1188 2463 1196 2478; x_wconf 80' lang='lat'><em>⁴</em></span> <span class='ocrx_word' id='word_1_349' title='bbox 1210 2471 1311 2505; x_wconf 81' lang='lat' dir='ltr'>aquae</span> <span class='ocrx_word' id='word_1_350' title='bbox 1327 2459 1369 2494; x_wconf 87' lang='lat' dir='ltr'>de</span> <span class='ocrx_word' id='word_1_351' title='bbox 1388 2459 1524 2501; x_wconf 80' lang='lat' dir='ltr'>11u11&#39;3</span> <span class='ocrx_word' id='word_1_352' title='bbox 1551 2459 1575 2493; x_wconf 88' lang='lat' dir='ltr'>l.</span> <span class='ocrx_word' id='word_1_353' title='bbox 1592 2459 1649 2501; x_wconf 80' lang='lat'>27,</span> <span class='ocrx_word' id='word_1_354' title='bbox 1669 2460 1678 2478; x_wconf 90' lang='lat'>‘</span> <span class='ocrx_word' id='word_1_355' title='bbox 1691 2459 1858 2493; x_wconf 84' lang='lat' dir='ltr'>emenda-</span> 
     </span>
     <span class='ocr_line' id='line_1_35' title="bbox 338 2502 1859 2558; baseline 0.005 -23"><span class='ocrx_word' id='word_1_356' title='bbox 338 2502 454 2536; x_wconf 73' lang='lat' dir='ltr'>ciones</span> <span class='ocrx_word' id='word_1_357' title='bbox 471 2504 590 2548; x_wconf 78' lang='lat' dir='ltr'>panis‚&#39;</span> <span class='ocrx_word' id='word_1_358' title='bbox 608 2508 669 2540; x_wconf 58' lang='lat' dir='ltr'>&amp;a</span> <span class='ocrx_word' id='word_1_359' title='bbox 684 2519 691 2547; x_wconf 90' lang='lat'>;</span> <span class='ocrx_word' id='word_1_360' title='bbox 719 2507 741 2540; x_wconf 87' lang='lat'>1.</span> <span class='ocrx_word' id='word_1_361' title='bbox 761 2508 816 2544; x_wconf 70' lang='grc'>28,</span> <span class='ocrx_word' id='word_1_362' title='bbox 835 2510 843 2527; x_wconf 83' lang='lat'><em>⁴</em></span> <span class='ocrx_word' id='word_1_363' title='bbox 859 2520 1032 2544; x_wconf 72' lang='lat' dir='ltr'>wreccum</span> <span class='ocrx_word' id='word_1_364' title='bbox 1046 2511 1153 2546; x_wconf 81' lang='lat' dir='ltr'>maris</span> <span class='ocrx_word' id='word_1_365' title='bbox 1170 2515 1207 2546; x_wconf 86' lang='lat' dir='ltr'>et</span> <span class='ocrx_word' id='word_1_366' title='bbox 1231 2510 1375 2557; x_wconf 80' lang='lat' dir='ltr'>wayst’3</span> <span class='ocrx_word' id='word_1_367' title='bbox 1393 2523 1426 2558; x_wconf 87' lang='lat' dir='ltr'>p.</span> <span class='ocrx_word' id='word_1_368' title='bbox 1445 2511 1502 2555; x_wconf 83' lang='lat'>66,</span> <span class='ocrx_word' id='word_1_369' title='bbox 1516 2510 1538 2545; x_wconf 94' lang='lat' dir='ltr'>l.</span> <span class='ocrx_word' id='word_1_370' title='bbox 1556 2511 1588 2555; x_wconf 84' lang='lat'>1,</span> <span class='ocrx_word' id='word_1_371' title='bbox 1607 2510 1677 2544; x_wconf 81' lang='lat' dir='ltr'>‘Et</span> <span class='ocrx_word' id='word_1_372' title='bbox 1693 2509 1859 2544; x_wconf 84' lang='lat' dir='ltr'>similiter</span> 
     </span>
     <span class='ocr_line' id='line_1_36' title="bbox 339 2557 1858 2606; baseline 0.005 -17"><span class='ocrx_word' id='word_1_373' title='bbox 339 2568 407 2601; x_wconf 81' lang='lat' dir='ltr'>quo</span> <span class='ocrx_word' id='word_1_374' title='bbox 426 2557 602 2600; x_wconf 73' lang='lat' dir='ltr'>war-anto,&#39;</span> <span class='ocrx_word' id='word_1_375' title='bbox 619 2560 701 2601; x_wconf 75' lang='lat' dir='ltr'>&amp;c.;</span> <span class='ocrx_word' id='word_1_376' title='bbox 728 2558 749 2592; x_wconf 82' lang='lat' dir='ltr'>l.</span> <span class='ocrx_word' id='word_1_377' title='bbox 769 2560 802 2601; x_wconf 85' lang='lat'>3,</span> <span class='ocrx_word' id='word_1_378' title='bbox 820 2562 827 2577; x_wconf 88' lang='lat'>‘</span> <span class='ocrx_word' id='word_1_379' title='bbox 843 2560 947 2606; x_wconf 81' lang='lat' dir='ltr'>Torp,</span> <span class='ocrx_word' id='word_1_380' title='bbox 966 2566 1002 2596; x_wconf 80' lang='lat' dir='ltr'>et</span> <span class='ocrx_word' id='word_1_381' title='bbox 1026 2562 1113 2597; x_wconf 81' lang='lat' dir='ltr'>alibi</span> <span class='ocrx_word' id='word_1_382' title='bbox 1138 2563 1175 2597; x_wconf 88' lang='lat' dir='ltr'>iu</span> <span class='ocrx_word' id='word_1_383' title='bbox 1193 2563 1295 2598; x_wconf 85' lang='lat' dir='ltr'>terris</span> <span class='ocrx_word' id='word_1_384' title='bbox 1319 2563 1393 2597; x_wconf 83' lang='lat' dir='ltr'>suis</span> <span class='ocrx_word' id='word_1_385' title='bbox 1411 2564 1447 2598; x_wconf 91' lang='lat' dir='ltr'>in</span> <span class='ocrx_word' id='word_1_386' title='bbox 1465 2562 1640 2598; x_wconf 79' lang='lat' dir='ltr'>comitatu</span> <span class='ocrx_word' id='word_1_387' title='bbox 1657 2562 1763 2597; x_wconf 84' lang='lat' dir='ltr'>Ebor.</span> <span class='ocrx_word' id='word_1_388' title='bbox 1783 2562 1858 2596; x_wconf 87' lang='lat' dir='ltr'>sine</span> 
     </span>
     <span class='ocr_line' id='line_1_37' title="bbox 340 2607 1861 2660; baseline 0.006 -20"><span class='ocrx_word' id='word_1_389' title='bbox 340 2607 483 2641; x_wconf 71' lang='lat' dir='ltr'>licencia</span> <span class='ocrx_word' id='word_1_390' title='bbox 497 2612 531 2641; x_wconf 81' lang='lat' dir='ltr'>et</span> <span class='ocrx_word' id='word_1_391' title='bbox 551 2609 733 2644; x_wconf 77' lang='lat' dir='ltr'>voluntate</span> <span class='ocrx_word' id='word_1_392' title='bbox 751 2617 825 2644; x_wconf 77' lang='grc'><strong>11051</strong></span> <span class='ocrx_word' id='word_1_393' title='bbox 833 2623 869 2645; x_wconf 78' lang='lat' dir='ltr'>m</span> <span class='ocrx_word' id='word_1_394' title='bbox 887 2618 922 2647; x_wconf 86' lang='lat' dir='ltr'>et</span> <span class='ocrx_word' id='word_1_395' title='bbox 940 2615 1190 2659; x_wconf 78' lang='lat' dir='ltr'>praedictorum</span> <span class='ocrx_word' id='word_1_396' title='bbox 1208 2616 1471 2650; x_wconf 80' lang='lat' dir='ltr'>nominatorum</span> <span class='ocrx_word' id='word_1_397' title='bbox 1497 2626 1619 2660; x_wconf 87' lang='lat' dir='ltr'>regum</span> <span class='ocrx_word' id='word_1_398' title='bbox 1651 2614 1809 2660; x_wconf 84' lang='lat' dir='ltr'>Angliae,</span> <span class='ocrx_word' id='word_1_399' title='bbox 1825 2620 1861 2649; x_wconf 86' lang='lat' dir='ltr'>et</span> 
     </span>
     <span class='ocr_line' id='line_1_38' title="bbox 340 2661 1860 2713; baseline 0.006 -21"><span class='ocrx_word' id='word_1_400' title='bbox 340 2671 408 2704; x_wconf 83' lang='lat' dir='ltr'>quo</span> <span class='ocrx_word' id='word_1_401' title='bbox 427 2661 605 2701; x_wconf 80' lang='lat' dir='ltr'>wn1·nnt0,&#39;</span> <span class='ocrx_word' id='word_1_402' title='bbox 623 2663 684 2696; x_wconf 55' lang='lat' dir='ltr'>&amp;a</span> <span class='ocrx_word' id='word_1_403' title='bbox 702 2675 709 2703; x_wconf 93' lang='lat'><strong>;</strong></span> <span class='ocrx_word' id='word_1_404' title='bbox 735 2662 756 2696; x_wconf 91' lang='lat' dir='ltr'>l.</span> <span class='ocrx_word' id='word_1_405' title='bbox 776 2663 809 2703; x_wconf 74' lang='grc'>6,</span> <span class='ocrx_word' id='word_1_406' title='bbox 829 2666 837 2682; x_wconf 89' lang='lat'>‘</span> <span class='ocrx_word' id='word_1_407' title='bbox 854 2664 941 2699; x_wconf 84' lang='lat' dir='ltr'>dicit</span> <span class='ocrx_word' id='word_1_408' title='bbox 959 2667 1052 2711; x_wconf 85' lang='lat' dir='ltr'>quod</span> <span class='ocrx_word' id='word_1_409' title='bbox 1071 2667 1203 2702; x_wconf 80' lang='lat' dir='ltr'>clamat</span> <span class='ocrx_word' id='word_1_410' title='bbox 1221 2667 1350 2703; x_wconf 84' lang='lat' dir='ltr'>habere</span> <span class='ocrx_word' id='word_1_411' title='bbox 1365 2668 1483 2702; x_wconf 81' lang='lat' dir='ltr'>furcas</span> <span class='ocrx_word' id='word_1_412' title='bbox 1497 2667 1591 2713; x_wconf 84' lang='lat' dir='ltr'>apud</span> <span class='ocrx_word' id='word_1_413' title='bbox 1610 2665 1860 2713; x_wconf 83' lang='lat' dir='ltr'>Schyreburn’,</span> 
     </span>
     <span class='ocr_line' id='line_1_39' title="bbox 347 2711 1862 2762; baseline 0.006 -18"><span class='ocrx_word' id='word_1_414' title='bbox 347 2711 513 2755; x_wconf 70' lang='lat' dir='ltr'>wylton’,</span> <span class='ocrx_word' id='word_1_415' title='bbox 532 2712 691 2756; x_wconf 82' lang='lat' dir='ltr'>Beuerle,</span> <span class='ocrx_word' id='word_1_416' title='bbox 709 2719 743 2748; x_wconf 86' lang='lat' dir='ltr'>et</span> <span class='ocrx_word' id='word_1_417' title='bbox 771 2714 910 2760; x_wconf 82' lang='lat' dir='ltr'>Ripon&#39;,</span> <span class='ocrx_word' id='word_1_418' title='bbox 929 2718 993 2751; x_wconf 75' lang='lat' dir='ltr'>tali</span> <span class='ocrx_word' id='word_1_419' title='bbox 1023 2720 1203 2762; x_wconf 80' lang='lat' dir='ltr'>waranto,’</span> <span class='ocrx_word' id='word_1_420' title='bbox 1229 2721 1291 2756; x_wconf 78' lang='lat' dir='ltr'>&amp;c.</span> <span class='ocrx_word' id='word_1_421' title='bbox 1340 2720 1428 2755; x_wconf 86' lang='lat' dir='ltr'>This</span> <span class='ocrx_word' id='word_1_422' title='bbox 1455 2724 1593 2755; x_wconf 83' lang='lat' dir='ltr'>extract</span> <span class='ocrx_word' id='word_1_423' title='bbox 1620 2719 1747 2755; x_wconf 88' lang='lat' dir='ltr'>should</span> <span class='ocrx_word' id='word_1_424' title='bbox 1771 2718 1862 2754; x_wconf 80' lang='lat' dir='ltr'>have</span> 
     </span>
     <span class='ocr_line' id='line_1_40' title="bbox 340 2763 653 2809; baseline 0.013 -15"><span class='ocrx_word' id='word_1_425' title='bbox 340 2774 436 2794; x_wconf 70' lang='lat' dir='ltr'>como·</span> <span class='ocrx_word' id='word_1_426' title='bbox 458 2763 529 2796; x_wconf 84' lang='lat' dir='ltr'>into</span> <span class='ocrx_word' id='word_1_427' title='bbox 548 2776 579 2809; x_wconf 84' lang='lat' dir='ltr'>p.</span> <span class='ocrx_word' id='word_1_428' title='bbox 598 2766 653 2798; x_wconf 69' lang='lat'>(36.</span> 
     </span>
    </p>
   </div>
   <div class='ocr_carea' id='block_1_9' title="bbox 341 2814 1858 2909">
    <p class='ocr_par' dir='ltr' id='par_1_13' title="bbox 341 2814 1858 2909">
     <span class='ocr_line' id='line_1_41' title="bbox 341 2814 1858 2900; baseline 0.005 -51"><span class='ocrx_word' id='word_1_429' title='bbox 341 2814 673 2900; x_wconf 26' lang='lat' dir='ltr'>(vxtsstfl&#39;shismrsnost</span> <span class='ocrx_word' id='word_1_430' title='bbox 710 2817 902 2864; x_wconf 81' lang='lat' dir='ltr'>important</span> <span class='ocrx_word' id='word_1_431' title='bbox 933 2821 1122 2858; x_wconf 83' lang='lat' dir='ltr'>document</span> <span class='ocrx_word' id='word_1_432' title='bbox 1151 2825 1260 2871; x_wconf 82' lang='lat' dir='ltr'>ought</span> <span class='ocrx_word' id='word_1_433' title='bbox 1291 2828 1328 2860; x_wconf 82' lang='lat' dir='ltr'>to</span> <span class='ocrx_word' id='word_1_434' title='bbox 1359 2825 1448 2862; x_wconf 83' lang='lat' dir='ltr'>have</span> <span class='ocrx_word' id='word_1_435' title='bbox 1479 2835 1578 2860; x_wconf 83' lang='lat' dir='ltr'>come</span> <span class='ocrx_word' id='word_1_436' title='bbox 1608 2823 1645 2858; x_wconf 90' lang='lat' dir='ltr'>in</span> <span class='ocrx_word' id='word_1_437' title='bbox 1674 2821 1764 2858; x_wconf 85' lang='lat' dir='ltr'>after</span> <span class='ocrx_word' id='word_1_438' title='bbox 1791 2821 1858 2861; x_wconf 86' lang='lat' dir='ltr'>No.</span> 
     </span>
     <span class='ocr_line' id='line_1_42' title="bbox 374 2875 622 2909; baseline 0.02 -12"><span class='ocrx_word' id='word_1_439' title='bbox 374 2891 381 2897; x_wconf 88' lang='lat'>.</span> <span class='ocrx_word' id='word_1_440' title='bbox 465 2892 470 2898; x_wconf 86' lang='lat'>.</span> <span class='ocrx_word' id='word_1_441' title='bbox 493 2878 523 2909; x_wconf 82' lang='lat' dir='ltr'>p.</span> <span class='ocrx_word' id='word_1_442' title='bbox 544 2875 585 2900; x_wconf 68' lang='lat' dir='ltr'>L:-</span> <span class='ocrx_word' id='word_1_443' title='bbox 601 2881 622 2902; x_wconf 85' lang='grc'>).</span> 
     </span>
    </p>
   </div>
  </div>
 </body>
</html>
