1955 3068
73 121 167 167 114

68 319 206 349 viterbo.

71 359 97 386 A
107 359 163 396 pril
181 361 226 389 27.

67 406 135 427 As).
154 399 238 427 1258.

64 586 213 618 Boniface

64 625 122 655 IX.
138 630 248 663 grants

63 676 102 695 nn
119 667 222 696 indul—

61 715 157 743 gence
174 708 207 735 of

65 747 119 774 100
135 747 220 784 days,

139 973 179 1002 fo.
197 974 215 1001 ⁴2
232 984 257 1002 v.

58 1033 122 1063 Tit.
138 1035 158 1064 i.
175 1035 223 1063 14.

59 1222 106 1251 for
124 1223 177 1252 the

59 1262 166 1291 chemel
188 1262 221 1290 of

58 1303 102 1330 bt.
115 1302 206 1339 Mary
217 1311 256 1330 on

60 1341 232 1378 Bish‹‚pt0n

60 1381 186 1419 Bridge.

789 128 1064 161 MEMORIALS
1100 128 1158 161 OF
1196 129 1354 162 Rll'ox.

301 253 376 292 per
397 243 626 293 quaestores
649 241 886 281 districtius
917 239 1177 290 inhibemus,
1200 255 1285 292 eas,
1309 242 1343 280 si
1367 254 1485 281 secus
1515 245 1659 281 act-‚um
1690 242 1837 295 fuerit,

301 317 443 344 carere
476 305 637 345 viribus
669 306 963 345 decernentes.
1025 305 1125 344 Dat.
1148 306 1342 345 Viterbie
1364 303 1471 359 (sic)
1496 319 1519 345 v
1552 305 1693 347 kalen.
1715 308 1837 358 Maii,

299 368 576 421 pontificatus
599 371 734 409 nostri
758 383 869 409 anno
891 372 1058 422 quarto.

990 481 1148 526 (xxx.)

385 561 630 602 Bonifacius
654 563 902 616 Episcopus,
926 576 1071 602 servus
1094 577 1312 603 servorum
1334 564 1429 614 Dei,
1444 564 1657 604 universis
1676 563 1835 605 Christi

296 624 494 665 fidelibus
533 631 767 680 praesentes
803 627 971 666 litteras
1003 628 1277 680 inspecturis,
1315 628 1514 677 salutem,
1547 629 1749 681 graciam,
1791 632 1836 669 et

295 689 641 729 benedictionem
663 690 953 743 apostolicam.
1011 690 1134 730 Licet
1156 689 1260 730 hiis¹
1285 691 1338 730 de
1361 690 1493 744 Cujus
1515 705 1692 731 munere
1715 693 1836 732 venit

294 757 345 792 ut
368 753 460 793 Sibi
483 768 506 793 a
530 753 628 794 Suis
653 754 851 794 fidelibus
874 755 1003 808 digne
1028 758 1072 794 et
1093 754 1368 795 laudabiliter
1391 755 1613 805 serviatur,
1630 755 1683 795 de
1698 755 1835 795 abun-

294 818 444 857 dancia
462 817 557 857 Suae
580 819 769 871 pietatis,
784 832 878 871 quae
899 819 1055 858 merita
1073 818 1315 872 supplicum
1334 819 1523 858 excedit²
1539 822 1583 858 et
1599 822 1711 869 vota,
1726 819 1835 860 bene

295 882 580 922 servientibus
614 882 729 922 Sibi³
750 882 888 922 multo
919 883 1086 922 minora
1116 883 1359 923 retribuant
1380 897 1507 936 quam
1540 882 1711 922 valeant
1740 896 1835 935 pro-

292 947 475 994 mereri3
512 945 832 986 Nichilominus
865 950 1027 997 tamen,
1060 946 1353 986 desiderantes
1385 947 1570 986 Domino
1600 945 1834 1000 populum

293 1011 472 1050 reddere
502 1009 824 1065 acceptabilem,
849 1015 884 1051 et
917 1010 1136 1050 bonorum
1167 1024 1354 1065 operum
1386 1015 1652 1061 sectatorem,
1685 1010 1833 1050 fideles

292 1075 406 1127 ipsos
422 1075 474 1114 ad
489 1075 857 1128 complacendum,
873 1080 918 1115 et
933 1076 1053 1128 quasi
1068 1075 1326 1128 quibusdam
1340 1075 1549 1115 allectivis
1566 1075 1832 1125 muneribus,

294 1139 582 1193 indulgentiis
616 1139 820 1178 videlicet
856 1142 901 1178 et
934 1139 1275 1188 remissionibus,
1312 1138 1561 1188 invitamus,
1596 1141 1645 1177 ut
1678 1138 1831 1178 exinde

290 1204 525 1243 reddantur
547 1203 704 1243 divinae
730 1203 883 1257 graciae
904 1203 1103 1255 aptiores.
1165 1202 1397 1255 Cupientes
1428 1203 1564 1257 igitur
1592 1205 1643 1241 ut
1670 1202 1833 1255 capella

292 1268 458 1307 Sanctae
500 1268 648 1307 Mariae
684 1266 811 1321 juxta
853 1267 1027 1320 Ripum,
1065 1268 1148 1307 sita
1191 1281 1317 1320 super
1354 1271 1532 1320 pont-em
1568 1265 1831 1320 Bischopton

292 1332 422 1386 Brige
445 1331 681 1386 vulgariter
702 1336 1018 1384 nuncupatum,
1036 1331 1163 1371 Ebor.
1178 1332 1421 1381 dioeceseos,
1440 1331 1639 1385 congruis
1661 1329 1833 1370 honori—

293 1396 374 1436 bus
396 1395 712 1448 frequentetur,
735 1399 781 1435 et
804 1396 939 1434 eciam
962 1399 1255 1445 conservetur,
1278 1398 1323 1434 et
1344 1398 1395 1434 ut
1417 1394 1577 1435 Christi
1598 1394 1748 1434 fideles
1781 1409 1832 1434 eo

291 1460 503 1500 libentius
525 1473 653 1499 causa
674 1460 914 1499 devotionis
937 1458 1155 1499 confluant
1177 1459 1231 1498 ad
1258 1459 1438 1499 eandem
1460 1459 1683 1511 capellam,
1706 1462 1751 1498 et
1778 1459 1831 1499 ad

292 1524 384 1578 ejus
406 1524 749 1563 observationem
780 1537 934 1563 manus
964 1523 1205 1576 promptius
1228 1523 1451 1576 porrigant
1474 1522 1723 1576 adjutrices,
1745 1536 1831 1576 quo
1869 1557 1871 1559 .

291 1602 343 1628 ex
373 1587 452 1628 hoc
483 1588 645 1627 ibidem
686 1587 797 1627 dono
833 1587 1023 1626 coelestis
1056 1587 1209 1641 graciae
1243 1586 1417 1626 uberius
1454 1586 1753 1639 conspexerint
1787 1600 1831 1626 se

291 1651 489 1701 refectos,
512 1652 565 1691 de
589 1650 913 1704 Omnipotentis
945 1651 1026 1691 Dei
1057 1651 1346 1690 misericordia
1378 1653 1423 1690 et
1453 1651 1680 1690 beatorum
1709 1650 1830 1690 Petri

292 1719 337 1756 et
368 1715 493 1755 Pauli
524 1714 836 1767 Apostulorum
867 1715 972 1768 Ejus
1005 1715 1263 1754 auctoritate
1300 1714 1466 1764 confisi,
1502 1714 1701 1754 omnibus
1730 1727 1829 1753 vere

293 1779 612 1834 poenitentibus
650 1782 695 1818 et
736 1778 942 1819 confessis
975 1779 1049 1832 qui
1086 1779 1132 1818 in
1168 1778 1435 1829 Nativitatis,
1471 1778 1829 1828 circumcisionis,

295 1843 562 1897 Epiphaniae,
614 1843 968 1894 Resurrectionis,
1010 1843 1295 1892 Ascensionis,
1338 1845 1382 1882 et
1424 1841 1615 1895 Corporis
1656 1842 1828 1882 Domini

295 1909 432 1948 nostri
464 1907 490 1947 J
494 1906 602 1947 hesu
625 1907 767 1956 Cristi,
789 1921 836 1946 ac
858 1907 1150 1956 Pentecostes,
1171 1920 1337 1946 necnon
1360 1907 1625 1956 NativitatiS,
1648 1907 1830 1945 Annun-

296 1973 510 2020 ciacionis,
532 1971 869 2021 Purificacionis,
892 1974 938 2010 et
958 1971 1275 2023 Assumptionis
1297 1970 1440 2010 Beatae
1455 1971 1602 2010 Mariae
1623 1970 1831 2023 Virginis,

298 2041 344 2077 et
375 2036 628 2076 Nativitatis
660 2035 785 2075 Beati
814 2034 841 2075 J
845 2033 1025 2075 ohannis
1057 2035 1265 2088 Baptistae
1297 2037 1342 2074 et
1373 2034 1603 2074 Beatorum
1634 2034 1755 2073 Petri
1786 2038 1831 2074 et

299 2101 424 2141 Pauli
446 2100 763 2153 praedictorum,
781 2102 826 2139 et
842 2099 1138 2139 Dedicacionis
1159 2099 1294 2151 ipsius
1317 2098 1488 2152 capellae
1504 2098 1830 2148 festivitatibus,

299 2179 347 2204 ac
370 2165 414 2204 in
438 2164 682 2203 celibritate
706 2160 812 2217 (sic)
834 2162 1040 2203 Omnium
1063 2162 1332 2212 Sanctorum,
1354 2176 1519 2202 necnon
1541 2176 1617 2216 per
1638 2163 1829 2214 ipsarum

300 2228 568 2274 Nativitatis,
590 2225 857 2280 Epiphaniae,
880 2226 1236 2276 Resurreccionis,
1259 2226 1547 2276 Ascensionis,
1569 2229 1613 2266 et
1635 2225 1829 2279 Corporis

300 2293 489 2342 Domini,
510 2305 557 2331 ac
580 2291 833 2330 Nativitatis
852 2294 896 2330 et
910 2290 1227 2343 Assumptionis
1245 2289 1387 2329 Beatae
1402 2290 1548 2329 Mariae
1562 2290 1770 2343 VirginiS,
1785 2293 1829 2329 et

301 2356 552 2397 Nativitatis
580 2355 701 2395 Beati
732 2354 759 2395 J
762 2353 957 2404 ohannis,
979 2368 1026 2394 ac
1048 2354 1347 2407 Apostolorum
1370 2353 1489 2393 Petri
1510 2357 1555 2393 et
1575 2353 1699 2393 Pauli
1720 2367 1829 2407 prae-

301 2422 515 2461 dictorum
542 2420 832 2459 festivitatum
860 2421 1044 2469 octavas,
1073 2422 1119 2458 et
1150 2432 1225 2471 per
1251 2432 1323 2458 sex
1351 2418 1441 2458 dies
1470 2418 1632 2458 dictam
1661 2417 1828 2457 festivi-

302 2489 439 2525 tatem
456 2484 733 2523 Pcntecostcs
756 2483 1007 2522 immediate
1031 2485 1275 2536 sequentes,
1292 2482 1497 2535 capellam
1519 2483 1653 2535 ipsam
1676 2482 1829 2521 devote

303 2549 573 2589 visitaverint
595 2547 835 2596 annuatim,
860 2550 904 2586 et
935 2547 987 2586 ad
1019 2547 1388 2586 conservacionem
1410 2545 1656 2599 hujusmodi
1678 2559 1830 2585 manus

303 2613 569 2667 porrexerint
590 2610 837 2664 adjutrices,
856 2610 1037 2664 singulis
1059 2610 1260 2650 videlicet
1281 2609 1568 2649 festivitatum
1590 2613 1635 2649 et
1655 2609 1831 2649 celebri-

302 2678 405 2718 tatis
428 2674 548 2731 (εἰσ),
577 2675 767 2728 quinque
799 2687 932 2713 annos
962 2677 1006 2714 et
1034 2674 1217 2713 totidem
1245 2674 1553 2727 quadragenas,
1586 2676 1830 2712 octavarum

303 2755 400 2780 vero
421 2743 466 2780 et
497 2753 567 2779 sex
599 2739 766 2778 dierum
789 2737 1091 2790 praedictorum
1113 2737 1266 2777 diebus
1288 2737 1443 2791 quibus
1465 2736 1670 2790 capellam
1692 2737 1830 2789 ipsam

374 2830 430 2872 (l)
458 2829 506 2861 So
523 2828 559 2862 in
579 2827 668 2869 MS„
686 2826 834 2872 perhaps
853 2826 907 2859 for
925 2828 933 2844 ‘
948 2825 1046 2860 Das)
1239 2827 1294 2870 (2)
1324 2825 1398 2860 MS.
1419 2826 1479 2860 has
1497 2827 1507 2844 ‘
1521 2825 1688 2860 excedet!

372 2883 429 2927 (3)
458 2880 670 2924 Something
688 2884 783 2912 must
799 2879 842 2912 bc
863 2878 1024 2923 wanting
1043 2879 1134 2913 hero.
