1935 3151
587 167 812 202 ORIGJNAL
850 167 1138 206 DOCUMEN'rs,

778 314 949 359 (LXVI.)

190 399 345 439 Pateat·
392 398 599 438 universis
640 411 716 451 per
757 401 1004 450 praesentes,
1047 396 1160 449 quod
1202 409 1282 450 ego
1324 396 1537 437 Henricus
1579 396 1631 436 de

102 462 348 516 Ploinpton,
372 463 552 502 vicarius
575 462 763 502 ecclesiae
785 461 1023 515 collegiatae
1054 460 1220 514 Ripon’‚
1242 462 1456 501 attornavi
1478 464 1521 500 et
1544 460 1633 499 loco

102 541 197 566 meo
238 528 360 579 posui
401 527 611 566 dilectum
651 525 759 565 mihi
801 527 846 565 in
889 524 1057 566 Christo
1098 524 1343 566 Johannem
1385 526 1437 565 de
1480 524 1633 578 Clynte

103 591 313 631 seniorem
345 591 396 630 de
429 590 596 644 Ripon’,
618 590 904 643 capellanum,
926 592 1093 629 certum
1125 593 1391 629 attornatum
1413 603 1561 629 meum
1582 589 1634 628 ad

102 654 367 694 liberandam
388 655 562 694 nomine
584 668 681 693 meo
703 654 904 693 seisinam
930 653 1101 706 plenam
1134 654 1187 693 de
1219 667 1306 693 uno
1338 654 1559 706 mesuagio
1592 656 1636 692 et

103 722 198 758 octo
231 718 421 758 solidatis
451 719 585 758 annui
617 718 812 758 redditus
845 732 944 757 cum
977 719 1064 758 suis
1097 718 1374 771 pertinenciis
1404 718 1449 756 in
1482 716 1637 770 Ripon'

104 786 148 822 et
190 781 606 836 Bysshopthornton,
658 781 846 822 Johanni
889 782 941 821 de
984 781 1319 835 VValkyngham,
1362 781 1542 821 Ricardo
1584 781 1636 821 de

103 846 365 896 VVakefelde,
388 845 575 886 ,Iohanni
598 846 650 886 de
674 845 842 899 Clynte,
866 846 1047 885 Ricardo
1068 846 1120 885 de
1151 845 1360 896 Blaxtoft,
1384 850 1428 885 et
1450 846 1477 886 J
1480 844 1635 885 ohanni

103 911 155 951 de
179 910 465 964 Stayndropp,
487 911 656 950 vicariis
679 911 866 950 ecclesiae
884 910 1050 963 Ripon’,
1065 909 1306 950 haeredibus
1329 914 1373 950 et
1393 910 1637 964 assignatis,

103 975 217 1028 quod
249 975 424 1028 quidem
452 975 724 1028 mesuagium
757 977 801 1013 et
827 988 957 1027 quem
989 974 1164 1027 quidem
1190 988 1385 1013 annuum
1419 974 1637 1013 redditum

103 1043 199 1078 octo
241 1039 473 1078 solidorum
513 1039 626 1092 quod
660 1037 792 1078 habui
825 1052 875 1078 ex
911 1038 1021 1077 dono
1055 1042 1097 1077 et
1136 1037 1412 1078 feoffameuto
1447 1038 1638 1078 Paulinae

103 1103 259 1143 WVarde
281 1103 333 1143 de
355 1102 507 1156 Ripon’
521 1106 565 1143 et
578 1103 757 1142 Walteri
773 1102 902 1142 Sutor
923 1102 975 1142 de
994 1101 1408 1155 Bysshopthornton,
1423 1103 1468 1141 in
1487 1101 1639 1155 Ripon’

105 1171 150 1207 et
182 1165 599 1220 Bysshopthornton,
632 1167 870 1207 secundum
901 1170 1096 1206 tenorem
1125 1165 1349 1219 cujusdam
1375 1170 1502 1206 cartae
1538 1166 1637 1205 inde

105 1231 294 1285 plenarie
325 1230 476 1281 factae3
508 1235 652 1271 ratum
673 1235 717 1271 et
738 1235 912 1285 gratum
933 1229 1095 1270 habens
1118 1234 1162 1270 et
1182 1229 1408 1270 habiturus
1434 1230 1639 1284 quicquid

105 1295 222 1335 idem
258 1293 476 1335 Johannes
509 1295 563 1335 de
599 1294 753 1348 Clynte
790 1295 963 1334 nomine
995 1307 1091 1333 meo
1119 1294 1289 1334 duxerit
1320 1294 1565 1334 faciendum
1594 1295 1638 1333 in

105 1360 348 1412 praemissis.
410 1360 463 1398 In
505 1358 628 1413 cujus
669 1359 731 1398 rei
772 1358 1074 1399 testimonium
1115 1358 1398 1411 praesentibus
1451 1358 1640 1412 sigillum

106 1437 252 1463 meum
273 1424 467 1476 apposui.

194 1487 292 1528 Dat.
326 1487 441 1540 apud
477 1486 632 1541 Ripon’
666 1487 736 1527 die
770 1487 997 1527 Dominica
1033 1500 1150 1539 prox,
1184 1490 1281 1539 post
1317 1486 1480 1526 festum
1518 1487 1641 1526 Beati

105 1551 254 1592 Jacobi
295 1552 502 1605 Apostoli,
539 1552 664 1591 Anno
696 1551 870 1591 Domini
907 1551 1142 1591 Millesimo
1184 1551 1491 1591 trecentesimo
1527 1564 1643 1591 sexa—

106 1616 272 1669 gesimo
293 1630 420 1656 nono,

197 1754 352 1795 Obitus
375 1755 402 1796 J
404 1754 583 1795 ohannis
606 1754 800 1808 Frankys
810 1753 1008 1808 junioris,
1023 1754 1278 1808 Margaretae
1304 1754 1446 1794 uxoris
1468 1753 1576 1808 ejus,
1599 1758 1641 1794 et

107 1818 318 1858 willelmi
356 1819 435 1858 filii
470 1819 719 1868 eorundem,
756 1819 833 1858 fiat
869 1819 938 1858 die
977 1818 1153 1858 sabbati
1189 1832 1307 1871 prox.
1345 1822 1445 1858 ante
1482 1818 1643 1858 festum

109 1882 255 1923 Sancti
292 1882 516 1923 Michaelis
557 1882 828 1937 Archangeli,
870 1896 946 1935 pro
987 1896 1072 1935 quo
1107 1883 1350 1935 percipiunt
1389 1896 1461 1922 sex
1497 1883 1643 1922 vicarii

107 1947 331 1986 annuatim
363 1947 416 1986 de
450 1946 552 2000 iiij⁰¹'
572 1947 722 2000 opellis
760 1948 847 1986 sive
881 1944 1076 2000 shoppys
1110 1947 1154 1985 in
1187 1946 1226 1985 le
1259 1945 1481 2000 Kyrkgate
1516 1952 1640 1999 prout

105 2014 227 2064 patet
256 2011 303 2050 in
333 2014 448 2050 carta
468 2011 568 2051 inde
591 2010 797 2060 confecta,
819 2014 870 2049 ut
893 2011 1102 2063 sequitur,
1125 2009 1164 2063 vj
1191 2023 1222 2050 S.
1246 2009 1317 2063 viij
1343 2010 1384 2049 d.
1407 2010 1460 2049 ad
1480 2009 1639 2050 festum

107 2074 286 2114 Martini
322 2078 364 2114 et
403 2074 680 2114 Pentecostes
716 2075 848 2127 aequis
878 2073 1164 2127 porcionibus,
1194 2074 1308 2113 unde
1343 2074 1433 2124 soL,
1456 2075 1641 2115 sacristae

108 2206 150 2242 et
173 2201 307 2242 nichil
328 2202 446 2242 aliud
470 2206 589 2243 extra
611 2202 684 2243 sol.

780 2323 974 2369 (Lxx-11.)

198 2405 344 2446 Sciant
376 2409 610 2459 praesentes
640 2409 684 2445 et
709 2405 847 2445 futuri
876 2405 990 2458 quod
1013 2418 1092 2459 ego
1116 2403 1336 2445 Johannes
1359 2404 1552 2459 Frankys
1583 2405 1636 2446 de

109 2469 260 2522 Ripon'
291 2469 404 2520 dedi,
437 2470 638 2519 concessi,
671 2473 716 2509 et
752 2468 831 2509 hac
865 2470 1064 2522 praesenti
1097 2473 1214 2508 carta
1247 2482 1341 2508 mea
1375 2469 1637 2520 confirmavi,

107 2533 281 2573 domino
316 2532 504 2573 Johanni
538 2533 707 2586 Clynte,
739 2533 912 2572 domino
944 2533 1124 2572 Ricardo
1160 2531 1424 2583 Wakefelde,
1465 2534 1638 2574 domino

106 2595 295 2637 Johanni
325 2597 378 2637 de
410 2597 673 2650 Bondegate,
702 2597 876 2636 domino
908 2596 1098 2638 Johanni
1130 2596 1225 2649 Ely,
1251 2596 1424 2635 domino
1450 2597 1638 2637 Roberto

108 2661 290 2712 Merote,
313 2665 358 2701 et
378 2661 551 2701 domino
573 2662 599 2702 J
603 2659 760 2700 ohanni
776 2661 994 2714 Quynton,
1010 2661 1176 2700 vicariis
1199 2660 1386 2700 ecclesiae
1402 2660 1638 2714 collegiatae

110 2725 276 2777 Ripon'‚
289 2726 517 2778 quemdam
538 2725 768 2764 annualem
789 2725 1008 2764 redditum
1031 2725 1070 2778 vj
1097 2739 1128 2765 S.
1151 2724 1223 2777 viij
1252 2724 1310 2773 d.,
1333 2730 1563 2764 exeuntem
1585 2725 1638 2765 de

110 2792 293 2840 quatuor
325 2787 519 2843 shoppys
558 2789 667 2828 sicut
688 2788 833 2841 jacent
872 2790 916 2828 in
943 2788 1096 2842 Ripon’
1124 2789 1169 2827 in
1196 2788 1236 2826 le
1270 2787 1493 2841 Kyrkgate
1527 2789 1639 2829 inter

110 2853 379 2905 mesuagium
412 2853 611 2892 cantariae
644 2852 788 2892 Beatae
824 2853 973 2892 Mariae
1003 2852 1193 2905 Virginis
1229 2864 1280 2890 ex
1314 2864 1399 2890 una
1428 2855 1562 2904 parte,
1597 2858 1639 2892 et

111 2917 381 2969 mesuagium
403 2917 515 2969 quod
537 2918 680 2971 Agnes
701 2917 915 2970 quondam
938 2930 1042 2956 uxor
1064 2914 1273 2956 Johannis
1296 2915 1485 2955 Frankes
1507 2919 1641 2969 patris

845 2998 864 3018 1.
888 2991 905 3019 2

1769 152 1860 205 1'47

1671 413 1780 452 chry
1796 413 1832 442 dc

1670 453 1844 490 Plomptou,

1669 493 1763 522 vicar.
1782 501 1835 529 ap-

1669 531 1771 569 points
1787 541 1825 559 an

1669 577 1813 609 attorney
1825 575 1858 599 to

1670 612 1744 645 give
1761 619 1826 647 pos-

1671 650 1783 678 session
1801 649 1836 677 of

1672 689 1725 717 the
1741 689 1840 717 above

1673 729 1733 756 aud
1749 728 1784 756 os
1802 737 1820 756 a

1674 776 1834 802 messuage

1674 807 1706 836 in
1725 806 1826 844 Ripon
1840 809 1873 834 to

1675 846 1726 874 th0
1741 846 1830 874 other

1673 886 1784 918 vicars,

1673 924 1748 961 July
1766 924 1814 961 29,

1678 964 1761 992 13159.

1676 1305 1715 1334 ᾗ).
1737 1305 1789 1333 103
1806 1305 1825 1334 i.
1844 1316 1867 1333 v.

1678 1770 1753 1800 obit
1769 1770 1804 1799 of

1678 1810 1762 1839 John
1779 1810 1876 1838 Fran-

1679 1850 1748 1887 kyS,
1764 1854 1796 1878 to
1812 1850 1848 1878 be

1679 1888 1751 1925 kept
1768 1898 1806 1917 ou
1824 1890 1875 1917 the

1679 1927 1834 1966 Saturdny

1678 1967 1779 1995 before

1678 2005 1831 2034 Michael—

1676 2055 1743 2074 mas
1761 2045 1841 2084 Day.

1672 2423 1757 2452 John

1675 2462 1820 2500 Frankys

1672 2506 1782 2539 grants
1797 2506 1829 2530 to

1673 2541 1725 2569 the
1741 2542 1791 2569 six

1672 2580 1774 2608 vicars
1790 2590 1829 2608 an

1673 2619 1789 2647 annual
1799 2623 1869 2648 rent

1673 2658 1706 2686 os
1725 2659 1766 2687 68.
1782 2659 1840 2694 &d.,

1674 2696 1758 2734 Sept.
1776 2698 1822 2733 -24,

1677 2737 1761 2765 1399.
