1935 3151
74 130 167 178 170

74 529 224 559 Reserva-

74 570 141 598 tion
156 570 191 598 of

72 612 183 646 patron
189 618 255 647 age.

72 850 214 888 Chapter
231 851 266 878 of

75 889 177 926 Ripon
187 892 220 919 to
236 889 273 919 be

75 935 196 966 patron.

75 1360 237 1390 Provision

76 1400 108 1429 in
124 1409 193 1429 cnse
207 1401 241 1429 of

74 1439 169 1477 lapse.

75 1748 141 1778 The

76 1787 233 1825 Chaplaiu

77 1829 108 1856 to
125 1828 160 1856 be
175 1829 231 1856 not
245 1837 263 1856 a

76 1866 224 1904 religious

76 1905 133 1935 but
148 1915 167 1934 a
187 1915 272 1935 secu—

75 1944 123 1973 131
139 1945 243 1983 priest.

77 2258 122 2288 To
136 2259 172 2288 be

77 2298 200 2328 instant
216 2299 246 2327 in

76 2345 198 2375 prayer,
213 2339 274 2367 nnd

78 2380 110 2405 to
127 2377 251 2406 abstain

77 2415 157 2444 from

77 2456 275 2492 tavems‚etc.

80 2580 141 2611 His

79 2622 246 2658 residenee,

788 149 1064 183 MEMORIALS
1100 151 1158 183 OF*
1194 151 1351 185 RIPON.

306 260 444 313 prima
483 261 535 301 ad
577 262 810 302 cantariam
852 262 1115 315 praedictam,
1146 264 1335 317 capitulo
1376 263 1564 303 ecclesiae
1605 262 1841 319 collegiatae

307 324 461 378 Ripon’
480 326 688 379 praedict„
710 340 814 379 quos
838 327 976 366 solum
999 330 1042 366 et
1070 327 1116 366 in
1149 327 1333 367 solidum
1364 330 1576 381 quantum
1606 328 1651 367 in
1683 341 1753 368 me
1776 333 1841 368 est

305 402 459 429 censeo
499 389 586 429 fore
628 389 734 430 dicti
774 390 953 443 capituli
989 390 1267 442 ordinarium,
1300 394 1345 431 et
1385 390 1541 431 habere
1584 405 1841 445 supremam,

305 467 564 507 omnemque
601 458 645 493 et
681 454 971 494 omnimodam
997 453 1347 508 jurisdiccionem
1381 454 1589 509 ejusdem.
1656 455 1842 495 Reservo

307 518 442 558 eciam
464 517 596 558 michi
617 532 691 572 per
712 517 822 558 hanc
843 522 1101 572 praesentem
1124 520 1440 560 ordinacionem
1473 533 1610 560 meam
1633 520 1842 573 quamdiu

308 583 451 622 vixero
466 582 540 634 jus
561 586 816 636 patronatus
838 586 882 622 et
903 583 1195 623 advocacionis
1212 585 1413 624 cantariae
1428 584 1696 636 supradictae,
1713 587 1844 637 atque

308 646 563 686 facultatem
606 650 650 686 et
691 650 950 700 potestatem
990 648 1279 700 praesentandi
1320 648 1373 688 ad
1406 648 1587 688 eandem
1627 648 1844 701 ydoneum

306 710 577 764 capellanum
599 725 674 764 per
696 711 813 750 idem
844 711 1086 764 capitulum
1116 712 1438 752 instituendum
1471 716 1516 752 et
1536 712 1845 762 inducendum,

306 775 709 828 quocienscumque,
724 776 1094 829 quandocumque,
1110 779 1155 816 et
1171 776 1558 830 qualitercumque,
1572 790 1641 816 me
1659 776 1845 826 vivente,

306 839 458 879 eadem
494 839 684 879 cantaria
724 839 925 892 deinceps
966 840 1150 879 vacabit.
1210 840 1319 880 Volo
1352 843 1526 893 insuper
1563 843 1608 880 et
1649 853 1844 893 expresse

308 906 453 943 statuo
474 904 602 957 quod,
625 917 694 943 me
716 904 769 944 de
792 904 935 944 medio
960 904 1142 955 sublato,
1159 905 1333 945 00113010
1349 905 1475 945 (110130
1497 905 1696 945 0311131130
1717 904 1844 958 pleno

300 966 401 1021 jure
432 968 486 1007 ad
517 968 683 1008 dictum
715 968 956 1021 capitulum
994 968 1047 1008 de
1082 972 1234 1009 caetero
1267 972 1433 1022 spectet
1464 972 1510 1009 et
1539 969 1771 1022 pertineat,
1796 982 1844 1008 30

306 1036 516 1085 perpetuo
530 1032 793 1073 devolvatur.
836 1033 904 1072 Ita
920 1033 1034 1086 quod
1050 1034 1455 1087 quocienscumque,
1472 1033 1843 1086 quandocumque,

307 1100 353 1136 et
374 1096 746 1149 qualitercumque
768 1096 886 1136 dicta
916 1097 1106 1137 cantaria
1137 1097 1356 1137 vacabitur
1377 1099 1422 1136 in
1443 1097 1656 1147 futurum,
1677 1097 1844 1136 dictum

307 1160 548 1213 capitulum
569 1159 681 1200 infra
702 1174 840 1200 unum
862 1174 1057 1201 mensem
1078 1175 1103 1201 a
1124 1164 1316 1214 tempore
1337 1165 1451 1201 notae
1472 1161 1707 1201 vacacionis
1730 1160 1844 1214 ejus-

307 1224 408 1264 dem
436 1225 640 1264 continue
673 1225 1004 1275 numerandum,
1040 1226 1222 1266 eandem
1254 1226 1487 1265 cantariam
1517 1226 1590 1265 alii
1623 1225 1846 1274 sacerdoti,

309 1291 434 1342 prout
461 1302 582 1328 casus
613 1289 848 1328 vacacionis
883 1291 1119 1340 emerserit,
1145 1289 1337 1330 conferre
1365 1290 1606 1330 districcius
1632 1292 1846 1329 teneatur.

310 1352 431 1401 Quod
455 1353 489 1392 si
511 1353 676 1392 dictum
699 1353 939 1406 capitulum
961 1354 1098 1407 ipsam
1120 1355 1353 1393 cantariam
1375 1354 1486 1394 infra
1501 1368 1637 1393 unum
1655 1367 1846 1393 mensem

308 1419 406 1470 post
443 1417 712 1456 vacacionem
744 1416 937 1470 ejusdem
968 1431 1055 1457 non
1098 1417 1302 1467 conferat,
1343 1418 1452 1458 bene
1483 1417 1631 1458 licebit
1672 1415 1847 1457 Archie-

308 1480 478 1534 piscopo
500 1480 623 1520 Ebor’
645 1480 782 1533 ipsam
803 1481 1038 1520 cantariam
1060 1481 1279 1534 capellano
1309 1482 1475 1535 ydoneo
1505 1481 1709 1530 conferre,
1732 1481 1844 1534 quod

309 1545 344 1584 si
378 1544 494 1583 ultra
530 1557 667 1583 unum
709 1558 903 1584 mensem
934 1544 1074 1584 facere
1115 1545 1348 1595 distulerit,
1382 1545 1555 1585 collacio
1597 1544 1844 1598 hujusmodi

307 1608 508 1648 cantariae
539 1608 592 1647 ad
624 1608 845 1648 Decanum
877 1612 921 1648 et
952 1609 1191 1661 capitulum
1224 1609 1350 1649 Ebor.
1374 1623 1424 1649 ea
1456 1610 1546 1649 vice
1579 1608 1843 1649 devolvatur.

309 1672 391 1720 Qui
414 1673 448 1712 si
469 1671 580 1712 infra
595 1672 729 1712 alium
746 1686 939 1712 mensem
953 1672 1143 1713 conferre
1160 1674 1443 1728 neglexerint,
1459 1673 1634 1713 00113010
1648 1672 1841 1727 ejusdem

307 1737 506 1776 cantariae
527 1737 579 1776 ad
602 1736 840 1790 capitulum
862 1737 915 1777 de
938 1737 1078 1791 Ripon
1100 1738 1269 1792 integre
1301 1741 1555 1778 revertatur.
1616 1737 1843 1786 Praeterea,

307 1801 483 1854 cupiens
505 1801 665 1840 dictam
687 1801 922 1841 cantariam
939 1815 1014 1854 per
1035 1801 1337 1842 benevolentes
1359 1815 1406 1842 ac
1427 1815 1596 1842 morum
1617 1800 1844 1841 honestate

307 1865 629 1905 commendatos
661 1868 706 1905 et
747 1865 973 1905 laudabilis
1005 1866 1105 1906 vitae
1136 1866 1395 1919 presbiteros
1435 1866 1594 1906 futuris
1624 1865 1846 1919 perpetuis

307 1929 574 1983 temporibus
617 1930 827 1983 occupari,
868 1930 1033 1980 ordino,
1065 1930 1174 1982 volo,
1206 1935 1250 1970 et
1283 1933 1441 1981 statuo,
1472 1931 1586 1984 quod
1615 1930 1760 1970 nullus
1791 1930 1844 1969 ad

308 1995 490 2034 eandem
513 1994 748 2034 cantariam
770 1995 971 2047 deinceps
999 1995 1257 2035 admittatur
1277 1995 1517 2049 religiosus,
1540 1995 1613 2035 sed
1636 1994 1845 2034 saecularis

307 2057 549 2107 dumtaxat,
572 2061 617 2098 et
638 2059 713 2111 qui
735 2059 840 2098 sacri
864 2058 1092 2098 sacerdotis
1124 2062 1336 2099 caractere
1367 2058 1498 2098 fuerit
1529 2059 1775 2113 insignitus,
1797 2072 1844 2098 ac

307 2121 406 2161 talis
428 2123 603 2162 omnino
624 2136 754 2175 quem
777 2123 920 2161 aetatis
943 2123 1185 2172 maturitas,
1206 2136 1376 2162 morum
1397 2123 1598 2177 gravitas,
1618 2122 1841 2162 literarum

308 2186 501 2236 sciencia,
523 2200 570 2225 ac
593 2187 692 2226 vitae
714 2186 938 2240 praeclarae,
961 2187 1295 2226 conversacionis
1315 2186 1519 2237 honestae,
1534 2190 1578 2227 et
1600 2186 1842 2239 oppinionis

307 2249 450 2289 illaesae
471 2250 670 2290 credibile
694 2251 995 2290 testimonium
1017 2251 1172 2290 merito
1193 2251 1570 2290 commendabunt.
1618 2250 1686 2291 Sit
1706 2250 1839 2290 eciam

309 2313 492 2366 quilibet
522 2314 767 2366 capellanus
788 2315 987 2354 cantariae
1009 2313 1255 2367 hujusmodi
1279 2314 1322 2353 in
1345 2305 1541 2354 futurum
1565 2328 1590 2354 a
1610 2314 1731 2353 viciis
1762 2313 1841 2353 ali-

310 2391 432 2426 enus,
454 2378 720 2417 oracionibus
743 2379 929 2428 sedulus,
953 2381 998 2419 et
1019 2378 1071 2418 ab
1102 2378 1261 2418 actuali
1292 2377 1538 2431 frequencia
1565 2378 1840 2418 tabernarum

312 2454 355 2480 se
388 2441 616 2481 abstineat.
678 2442 886 2482 Mulieres
921 2442 1109 2482 infamiae
1149 2445 1252 2481 nota
1287 2455 1498 2495 respersas
1532 2445 1577 2482 et
1608 2442 1661 2481 de
1702 2441 1841 2481 carnis

312 2504 420 2544 vicio
462 2507 695 2557 suspectas,
736 2509 782 2545 et
822 2520 969 2545 earum
1010 2506 1185 2559 penitus
1218 2506 1432 2545 consorcia
1466 2509 1594 2558 atque
1628 2505 1840 2544 interata¹

311 2567 520 2621 colloquia
560 2572 844 2622 praeterquam
895 2570 939 2608 in
981 2569 1151 2609 casibus
1201 2570 1401 2609 retinere.
1464 2568 1619 2609 Caveat
1669 2569 1843 2621 insuper

311 2632 556 2684 capellanus
577 2632 762 2686 quilibet
782 2633 982 2673 cantariae
1003 2632 1253 2686 hujusmodi
1286 2647 1340 2673 ne
1373 2646 1416 2672 se
1449 2632 1501 2672 ab
1534 2632 1682 2672 eadem
1703 2636 1842 2671 teme-

386 2743 441 2784 (1)
469 2743 516 2777 So
536 2743 590 2778 for
616 2744 753 2779 iterata.
804 2744 916 2778 There
946 2755 1056 2778 seems
1083 2748 1119 2779 to
1155 2744 1243 2779 have
1274 2743 1360 2778 been
1389 2756 1408 2778 a
1433 2743 1504 2777 line
1530 2743 1680 2777 omitted
1713 2743 1747 2776 111
1782 2743 1840 2778 the

311 2793 463 2840 copying
478 2795 607 2838 which,
623 2796 708 2830 wit-h
725 2796 822 2830 what
841 2795 868 2829 is
887 2796 961 2839 lest,
978 2796 1095 2841 might
1108 2795 1149 2830 be
1164 2800 1200 2830 to
1213 2796 1271 2830 the
1285 2796 1387 2830 effect
1400 2795 1479 2829 11131
1496 2795 1536 2829 hc
1556 2807 1629 2829 was
1648 2801 1684 2828 to
1701 2795 1838 2829 eschew

313 2845 372 2878 the
398 2846 531 2892 society
550 2847 590 2881 of
610 2848 680 2882 evil
706 2860 856 2890 women,
876 2848 943 2882 and
964 2848 997 2881 in
1019 2860 1062 2882 no
1082 2848 1166 2882 wisc
1186 2852 1222 2882 10
1240 2847 1353 2882 retain
1382 2848 1526 2882 himself
1550 2847 1695 2891 111010111,
1713 2850 1840 2893 except

311 2896 343 2930 in
364 2909 457 2931 cases
478 2899 534 2942 (os
555 2900 774 2944 com-ieme)
795 2912 832 2935 οι·
851 2900 1000 2946 perhaps
1019 2901 1146 2936 chance
1165 2900 1347 2946 meetings.
