1955 3068
556 128 663 161 ORIG
673 129 781 160 ΙΝΑΙ,
819 129 973 162 noemi
984 129 1110 161 ENTS.

63 241 184 282 nobis
207 244 256 281 ut
278 254 477 294 supremo
497 242 627 294 capiti
660 240 905 295 hujusmodi
938 246 1186 294 competens
1219 241 1377 294 ubique
1412 242 1598 281 locorum

62 305 173 345 infra
209 304 288 345 hoc
325 318 506 360 regnum
539 311 749 356 nostrum,
784 311 827 346 et
860 307 1097 359 praesertim
1130 306 1174 345 in
1202 304 1284 345 hiis
1313 320 1407 359 quae
1437 320 1599 345 moram

62 369 282 409 commode
304 383 389 409 non
411 370 638 422 patiuntur
658 375 734 410 aut
758 371 848 410 sine
872 370 1142 410 subditorum
1166 373 1409 410 nostrorum
1442 369 1600 423 injuria

63 434 225 474 differri
250 448 336 474 non
368 438 560 487 possunt,
583 435 627 474 in
661 448 735 474 sua
767 449 949 488 persona
977 435 1241 488 expediendo
1272 449 1357 474 non
1392 435 1598 483 sufficiet3

64 499 229 540 Idcirco
264 512 356 549 nos,
390 499 544 538 vestris
587 500 631 538 in
667 498 745 538 hac
782 504 902 553 parte
937 499 1323 553 supplicacionibus
1358 498 1597 539 humilibus

63 563 274 612 inclinati,
317 567 361 602 et
391 568 636 602 nostrorum
670 563 938 603 subditorum
971 562 1282 617 parochiarum,
1315 564 1519 613 vic-orum,
1552 569 1597 603 et

63 628 266 677 locorum,
302 628 347 666 in
390 627 544 680 quibus
586 641 659 666 vos
689 627 1037 680 jurisdictionem
1080 641 1274 668 exercere
1315 629 1596 667 consuevistis

62 691 297 731 commodis
319 692 539 731 consulere
562 692 804 744 cupientes,
828 692 946 731 vobis
969 693 1080 731 vices
1102 697 1268 731 nostras
1293 692 1372 731 sub
1393 691 1519 732 modo
1551 695 1596 732 et

61 755 196 795 forma
219 755 500 808 sequentibus
532 756 864 795 committendas
886 756 989 806 fore,
1011 770 1168 809 vosque
1191 756 1475 795 licentiandos
1499 769 1597 795 esse

61 820 343 869 decrevimus,
358 830 414 858 AD
432 830 693 859 PROBANDUM
715 821 863 874 igitur,
885 820 1207 873 approbandum
1230 825 1274 860 et
1288 821 1595 860 insinuandum

61 888 323 923 testamenta
363 887 407 923 et
440 883 616 922 ultimas
648 884 893 924 voluntates
924 898 1293 938 quorumcumque
1326 884 1596 924 subditorum

60 952 305 988 nostrorum
326 947 437 987 infra
458 946 690 1000 parochiaS,
712 948 840 997 vicos,
858 953 903 987 et
920 948 1009 988 loca
1026 949 1071 987 in
1087 948 1243 1001 quibus
1259 948 1504 1002 jurisdictio
1521 962 1597 1002 per

61 1025 134 1052 vos
159 1025 234 1052 seu
254 1025 528 1065 praecessores
551 1015 730 1063 vestros,
750 1016 826 1051 aut
843 1012 1015 1052 illorum
1032 1013 1267 1065 respective
1285 1013 1596 1052 commissarios

62 1076 328 1129 temporibus
359 1076 585 1116 retroactis
618 1076 893 1116 exercebatur
925 1081 970 1116 et
1001 1080 1116 1116 recte
1158 1077 1343 1116 exerceri
1374 1077 1520 1130 potuit
1550 1081 1597 1116 et

62 1140 298 1190 consuevit,
320 1139 445 1190 bona,
461 1139 574 1193 jura,
599 1140 687 1179 sive
719 1140 881 1180 credita
911 1154 998 1180 non
1030 1140 1144 1180 ultra
1175 1154 1387 1180 summam
1419 1144 1595 1181 centum

60 1204 264 1244 librarum
286 1205 332 1243 in
353 1203 474 1243 bonis
499 1204 588 1243 suis
605 1204 705 1243 vitae
727 1207 771 1243 et
793 1205 943 1243 mortis
968 1218 1142 1244 suarum
1163 1208 1356 1258 tempore
1369 1203 1566 1244 habitum
1583 1219 1595 1254 ;

60 1281 226 1308 necnon
258 1268 657 1307 administraciones
689 1267 895 1307 bonorum
927 1282 1296 1321 quorumcumque
1325 1268 1593 1308 subditorum

60 1336 303 1372 nostrorum
334 1331 445 1372 infra
475 1330 711 1385 parochias,
732 1333 862 1382 vicos,
885 1337 929 1372 et
958 1333 1051 1372 loca
1080 1333 1284 1386 praedicta
1303 1332 1356 1372 ab
1387 1333 1596 1373 intestato

60 1397 333 1448 decedentes,
354 1410 537 1450 quorum
559 1396 682 1447 bona,
698 1396 812 1450 jura,
836 1397 923 1437 sive
945 1397 1109 1437 credita
1128 1411 1215 1437 non
1245 1397 1360 1437 ultra
1381 1411 1594 1437 summam

60 1461 308 1514 praedictam
338 1461 438 1500 vitae
471 1464 515 1500 et
545 1461 695 1501 mortis
727 1461 960 1501 eorundem
990 1466 1185 1515 tempore
1220 1476 1313 1501 sese
1345 1461 1596 1511 extendant,

61 1529 276 1579 quatenus
298 1523 546 1578 hujusmodi
565 1528 926 1565 testamentorum
948 1525 1157 1579 probacio,
1179 1526 1446 1579 approbaciO,
1464 1529 1507 1565 et
1530 1527 1597 1564 in-

63 1591 266 1641 sinuacio,
288 1590 765 1643 administracionisque
796 1591 1015 1630 concessio
1037 1604 1113 1644 per
1135 1604 1408 1644 praecessores
1430 1593 1596 1630 vestros

62 1658 139 1694 aut
159 1668 308 1694 eorum
329 1654 639 1694 commissarios
670 1654 938 1708 temporibus
959 1656 1183 1694 retroactis
1206 1654 1336 1694 fiebat
1357 1668 1403 1694 ac
1425 1654 1517 1693 fieri
1550 1658 1595 1694 et

62 1719 229 1759 remitti
263 1719 421 1772 potuit,
447 1723 491 1758 et
522 1732 606 1758 non
639 1718 778 1768 aliter,
800 1719 1189 1767 committendum3
1222 1718 1518 1771 calculumque
1551 1723 1596 1757 et

61 1783 339 1822 raciocinium
361 1786 406 1822 et
425 1782 509 1822 alia
538 1783 583 1822 in
616 1796 666 1822 ea
696 1786 817 1835 parte
849 1783 1125 1835 expedienda,
1147 1783 1438 1836 beneficiaque
1461 1782 1595 1822 eccle-

62 1848 234 1887 siastica
264 1860 544 1900 quaecumque
575 1846 628 1886 ad
650 1850 835 1886 vestram
857 1847 1130 1887 collacionem
1154 1847 1241 1886 sive
1264 1846 1592 1899 disposicionem

64 1913 305 1966 spectancia
338 1914 383 1951 et
419 1911 687 1964 pertinencia
722 1912 915 1964 personis
953 1911 1117 1951 idoneis
1148 1911 1469 1960 conserendum,
1503 1924 1593 1950 eas-

61 1977 246 2030 demque
297 1976 344 2014 in
396 1975 569 2025 realem,
617 1975 844 2026 actualem,
888 1978 934 2014 et
984 1976 1243 2028 corporalem
1285 1975 1596 2028 possessionem

62 2039 312 2089 eorundem,
341 2038 593 2092 juriumque
637 2043 681 2079 et
722 2039 1041 2092 pertinencium
1085 2053 1257 2079 suorum
1299 2039 1595 2078 universorum

62 2103 357 2144 inducendum
391 2117 438 2143 ac
478 2104 538 2142 sic
579 2103 741 2153 induci,
774 2103 808 2142 si
841 2106 885 2143 et
916 2107 1130 2156 quatenus
1161 2104 1225 2143 vis
1259 2103 1317 2142 sic
1349 2102 1595 2142 conferendi

63 2173 110 2209 et
139 2167 370 2208 inducendi
401 2167 514 2220 apud
537 2180 610 2206 vos
642 2170 718 2206 aut
749 2180 1028 2220 praecessores
1057 2171 1235 2217 vestros,
1258 2180 1459 2206 eorumve
1479 2179 1595 2205 com-

63 2233 278 2272 missarios
310 2230 519 2271 hactenus
550 2231 684 2271 fuerit
715 2235 760 2271 et
791 2244 876 2270 non
907 2231 1045 2280 aliter,
1076 2235 1168 2271 tam
1200 2232 1244 2270 in
1277 2231 1443 2283 scriptis
1465 2244 1594 2283 quam

64 2296 192 2337 verbo
219 2296 463 2336 faciendum
497 2299 541 2335 et
576 2295 883 2344 mandandum,
915 2308 1159 2349 causasque,
1195 2295 1309 2345 lites,
1345 2303 1387 2335 et
1416 2295 1594 2348 negocia

65 2374 205 2400 coram
221 2360 341 2400 vobis
361 2363 437 2399 aut
458 2361 611 2399 vestris
633 2359 934 2399 commissariis
955 2359 1412 2412 pendenciaindecisa,
1427 2372 1593 2398 necnon

63 2425 167 2464 alias
199 2425 286 2464 sive
308 2424 393 2463 alia
423 2437 717 2477 quascumque
751 2423 839 2462 sive
871 2437 1152 2476 quaecumque
1184 2437 1278 2476 quae
1309 2423 1416 2462 citra
1447 2422 1594 2477 legum

62 2492 305 2528 nostrorum
337 2491 382 2527 et
414 2491 674 2527 statutorum
706 2487 829 2541 regni
860 2487 996 2526 nostri
1028 2487 1186 2527 offensa
1207 2500 1346 2526 coram
1368 2486 1487 2526 vobis
1520 2489 1595 2526 aut

62 2552 215 2592 vestris
251 2551 550 2591 commissariis
584 2551 753 2605 agitari,
774 2554 850 2590 aut
871 2550 924 2590 ad
946 2554 1139 2590 vestrum
1162 2564 1236 2590 seu
1267 2550 1449 2603 alicujus
1481 2563 1595 2589 com-

60 2616 352 2656 missariorum
372 2628 448 2668 per
469 2628 543 2654 vos
565 2615 709 2668 vigore
724 2613 854 2668 hujus
876 2615 1186 2654 commissionis
1204 2619 1361 2654 nostrae
1383 2614 1594 2666 deputan-

60 2680 213 2720 dorum
235 2680 530 2733 cognicionem
553 2678 720 2718 devolvi
749 2683 827 2718 aut
854 2678 1009 2719 deduci
1030 2679 1200 2719 valeant
1222 2683 1265 2718 et
1287 2679 1466 2731 possint,
1487 2691 1593 2730 qua-

62 2747 191 2784 tenus
217 2742 466 2797 hujusmodi
497 2755 719 2782 causarum
747 2743 939 2796 cognicio
960 2743 1012 2782 ad
1034 2755 1309 2796 praecessores
1332 2746 1494 2781 vestros
1517 2746 1593 2781 aut-

64 2821 212 2848 eorum
234 2807 545 2847 commissarios
566 2807 789 2846 retroactis
817 2807 1085 2859 temporibus
1116 2806 1328 2860 pertinuit·
1348 2819 1395 2845 ac
1416 2819 1491 2858 per
1522 2818 1593 2844 eos

66 2872 250 2912 exerceri
273 2871 413 2924 potuit
438 2877 480 2911 et
503 2870 739 2919 consuevit,
763 2874 806 2910 et
839 2884 922 2910 non
955 2871 1093 2920 aliter,
1117 2870 1386 2910 examinandi
1411 2875 1450 2908 et
1476 2869 1593 2908 deci·

1741 117 1832 165 107

1632 514 1673 543 Ju
1680 515 1735 543 τίς-

1632 555 1707 582 dicti
1723 563 1749 583 τι

1631 594 1777 631 granted,

1629 837 1675 866 for
1691 837 1775 874 provi
1781 847 1824 875 ng

1630 877 1664 906 of
1676 876 1770 911 wius,

1628 1283 1831 1312 administra-

1629 1323 1697 1351 tion
1713 1322 1747 1350 o‘f

1629 1362 1734 1391 effect-³
1749 1363 1783 1390 of

1629 1402 1805 1435 intestatoe,

1628 1799 1678 1830 pat
1685 1803 1802 1831 ronage

1627 1834 1661 1862 of
1669 1833 1828 1868 beneficos,

1628 2308 1678 2342 try
1685 2304 1739 2341 ing
1754 2304 1789 2332 os

1627 2352 1744 2373 causes·
