<?xml version="1.0" encoding="UTF-8"?>
<!DOCTYPE html PUBLIC "-//W3C//DTD XHTML 1.0 Transitional//EN"
    "http://www.w3.org/TR/xhtml1/DTD/xhtml1-transitional.dtd">
<html xmlns="http://www.w3.org/1999/xhtml" xml:lang="en" lang="en">
 <head>
  <title>
</title>
<meta http-equiv="Content-Type" content="text/html;charset=utf-8" />
  <meta name='ocr-system' content='tesseract 3.04.00' />
  <meta name='ocr-capabilities' content='ocr_page ocr_carea ocr_par ocr_line ocrx_word'/>
</head>
<body>
  <div class='ocr_page' id='page_1' title='image "./memorialsofchurc01fowl/memorialsofchurc01fowl_0153.png"; bbox 0 0 1955 3068; ppageno 0'>
   <div class='ocr_carea' id='block_1_1' title="bbox 624 150 1171 184">
    <p class='ocr_par' dir='ltr' id='par_1_1' title="bbox 624 150 1171 184">
     <span class='ocr_line' id='line_1_1' title="bbox 624 150 1171 184; baseline -0.002 -1"><span class='ocrx_word' id='word_1_1' title='bbox 624 151 848 184; x_wconf 72' lang='lat' dir='ltr'>ORIGINAL</span> <span class='ocrx_word' id='word_1_2' title='bbox 885 150 1171 184; x_wconf 72' lang='lat' dir='ltr'><strong>DOCUMENTS.</strong></span> 
     </span>
    </p>
   </div>
   <div class='ocr_carea' id='block_1_2' title="bbox 128 262 1685 2613">
    <p class='ocr_par' dir='ltr' id='par_1_2' title="bbox 128 262 1678 1977">
     <span class='ocr_line' id='line_1_2' title="bbox 132 262 1665 317; baseline -0.001 -15"><span class='ocrx_word' id='word_1_3' title='bbox 132 264 299 304; x_wconf 82' lang='lat' dir='ltr'>solvent</span> <span class='ocrx_word' id='word_1_4' title='bbox 322 264 503 316; x_wconf 81' lang='lat' dir='ltr'>praeconi</span> <span class='ocrx_word' id='word_1_5' title='bbox 527 264 804 317; x_wconf 80' lang='lat' dir='ltr'>proclamanti</span> <span class='ocrx_word' id='word_1_6' title='bbox 827 264 993 303; x_wconf 87' lang='lat' dir='ltr'>dictum</span> <span class='ocrx_word' id='word_1_7' title='bbox 1017 263 1198 312; x_wconf 87' lang='lat' dir='ltr'>obitum,</span> <span class='ocrx_word' id='word_1_8' title='bbox 1215 262 1232 316; x_wconf 91' lang='lat' dir='ltr'>j</span> <span class='ocrx_word' id='word_1_9' title='bbox 1259 262 1299 302; x_wconf 87' lang='lat' dir='ltr'>d.</span> <span class='ocrx_word' id='word_1_10' title='bbox 1364 262 1417 301; x_wconf 80' lang='lat' dir='ltr'>Et</span> <span class='ocrx_word' id='word_1_11' title='bbox 1441 262 1665 301; x_wconf 78' lang='lat' dir='ltr'>annuatim</span> 
     </span>
     <span class='ocr_line' id='line_1_3' title="bbox 128 325 1667 381; baseline -0.002 -14"><span class='ocrx_word' id='word_1_12' title='bbox 128 328 323 380; x_wconf 75' lang='lat' dir='ltr'>praedicti</span> <span class='ocrx_word' id='word_1_13' title='bbox 366 328 509 366; x_wconf 81' lang='lat' dir='ltr'>vicarii</span> <span class='ocrx_word' id='word_1_14' title='bbox 551 331 652 367; x_wconf 87' lang='lat' dir='ltr'>ante</span> <span class='ocrx_word' id='word_1_15' title='bbox 693 329 986 381; x_wconf 85' lang='lat' dir='ltr'>incepcionem</span> <span class='ocrx_word' id='word_1_16' title='bbox 1029 325 1210 367; x_wconf 68' lang='lat' dir='ltr'>Placebo</span> <span class='ocrx_word' id='word_1_17' title='bbox 1257 339 1333 379; x_wconf 91' lang='lat' dir='ltr'>pro</span> <span class='ocrx_word' id='word_1_18' title='bbox 1375 326 1489 365; x_wconf 78' lang='lat' dir='ltr'>dicto</span> <span class='ocrx_word' id='word_1_19' title='bbox 1531 325 1667 374; x_wconf 82' lang='lat' dir='ltr'>obitu,</span> 
     </span>
     <span class='ocr_line' id='line_1_4' title="bbox 129 390 1666 445; baseline -0.001 -15"><span class='ocrx_word' id='word_1_20' title='bbox 129 390 291 431; x_wconf 88' lang='lat' dir='ltr'>facient</span> <span class='ocrx_word' id='word_1_21' title='bbox 313 405 512 445; x_wconf 81' lang='lat' dir='ltr'>magnam</span> <span class='ocrx_word' id='word_1_22' title='bbox 533 405 784 445; x_wconf 85' lang='lat' dir='ltr'>campanam</span> <span class='ocrx_word' id='word_1_23' title='bbox 807 393 992 445; x_wconf 72' lang='lat' dir='ltr'>vigesies</span> <span class='ocrx_word' id='word_1_24' title='bbox 1023 391 1253 444; x_wconf 78' lang='lat' dir='ltr'><strong>quinquies</strong></span> <span class='ocrx_word' id='word_1_25' title='bbox 1275 391 1319 429; x_wconf 91' lang='lat' dir='ltr'>in</span> <span class='ocrx_word' id='word_1_26' title='bbox 1341 390 1478 429; x_wconf 83' lang='lat' dir='ltr'>altum</span> <span class='ocrx_word' id='word_1_27' title='bbox 1502 402 1666 439; x_wconf 75' lang='lat' dir='ltr'>sonare,</span> 
     </span>
     <span class='ocr_line' id='line_1_5' title="bbox 131 452 1667 508; baseline -0.003 -13"><span class='ocrx_word' id='word_1_28' title='bbox 131 468 215 508; x_wconf 92' lang='lat' dir='ltr'>quo</span> <span class='ocrx_word' id='word_1_29' title='bbox 237 454 349 495; x_wconf 85' lang='lat' dir='ltr'>facto</span> <span class='ocrx_word' id='word_1_30' title='bbox 370 456 603 508; x_wconf 72' lang='lat' dir='ltr'>procedant</span> <span class='ocrx_word' id='word_1_31' title='bbox 623 456 675 495; x_wconf 86' lang='lat' dir='ltr'>ad</span> <span class='ocrx_word' id='word_1_32' title='bbox 698 456 862 495; x_wconf 87' lang='lat' dir='ltr'>dictum</span> <span class='ocrx_word' id='word_1_33' title='bbox 885 456 1052 495; x_wconf 88' lang='lat' dir='ltr'>obitum</span> <span class='ocrx_word' id='word_1_34' title='bbox 1075 454 1394 494; x_wconf 86' lang='lat' dir='ltr'>celebrandum.</span> <span class='ocrx_word' id='word_1_35' title='bbox 1428 454 1539 493; x_wconf 82' lang='lat' dir='ltr'>Item</span> <span class='ocrx_word' id='word_1_36' title='bbox 1563 452 1667 492; x_wconf 89' lang='lat' dir='ltr'>dicti</span> 
     </span>
     <span class='ocr_line' id='line_1_6' title="bbox 133 517 1667 573; baseline -0.002 -15"><span class='ocrx_word' id='word_1_37' title='bbox 133 519 279 559; x_wconf 83' lang='lat' dir='ltr'>vicarii</span> <span class='ocrx_word' id='word_1_38' title='bbox 301 520 494 572; x_wconf 79' lang='lat' dir='ltr'>quotidie</span> <span class='ocrx_word' id='word_1_39' title='bbox 517 523 610 573; x_wconf 89' lang='lat' dir='ltr'>post</span> <span class='ocrx_word' id='word_1_40' title='bbox 644 521 779 559; x_wconf 85' lang='lat' dir='ltr'>dictas</span> <span class='ocrx_word' id='word_1_41' title='bbox 810 521 987 573; x_wconf 83' lang='lat' dir='ltr'>gracias,</span> <span class='ocrx_word' id='word_1_42' title='bbox 1021 520 1065 558; x_wconf 91' lang='lat' dir='ltr'>in</span> <span class='ocrx_word' id='word_1_43' title='bbox 1097 518 1279 558; x_wconf 84' lang='lat' dir='ltr'>dicendo</span> <span class='ocrx_word' id='word_1_44' title='bbox 1310 517 1426 557; x_wconf 87' lang='lat' dir='ltr'>hunc</span> <span class='ocrx_word' id='word_1_45' title='bbox 1455 517 1667 570; x_wconf 86' lang='lat' dir='ltr'>psalmum</span> 
     </span>
     <span class='ocr_line' id='line_1_7' title="bbox 134 580 1670 637; baseline -0.003 -13"><span class='ocrx_word' id='word_1_46' title='bbox 134 582 197 624; x_wconf 80' lang='lat' dir='ltr'>De</span> <span class='ocrx_word' id='word_1_47' title='bbox 205 582 460 637; x_wconf 71' lang='lat' dir='ltr'>profundis</span> <span class='ocrx_word' id='word_1_48' title='bbox 474 587 570 636; x_wconf 86' lang='lat' dir='ltr'>post</span> <span class='ocrx_word' id='word_1_49' title='bbox 582 584 820 623; x_wconf 70' lang='lat' dir='ltr'>oracionem</span> <span class='ocrx_word' id='word_1_50' title='bbox 838 584 1107 623; x_wconf 82' lang='lat' dir='ltr'>Dominicam</span> <span class='ocrx_word' id='word_1_51' title='bbox 1125 587 1169 622; x_wconf 82' lang='lat' dir='ltr'>et</span> <span class='ocrx_word' id='word_1_52' title='bbox 1187 582 1491 622; x_wconf 86' lang='lat' dir='ltr'>salutacionem</span> <span class='ocrx_word' id='word_1_53' title='bbox 1506 580 1670 634; x_wconf 84' lang='lat' dir='ltr'>angeli-</span> 
     </span>
     <span class='ocr_line' id='line_1_8' title="bbox 135 645 1669 700; baseline -0.003 -12"><span class='ocrx_word' id='word_1_54' title='bbox 135 661 242 698; x_wconf 85' lang='lat' dir='ltr'>cam,</span> <span class='ocrx_word' id='word_1_55' title='bbox 264 648 505 688; x_wconf 87' lang='lat' dir='ltr'>recitabunt</span> <span class='ocrx_word' id='word_1_56' title='bbox 523 647 632 687; x_wconf 84' lang='lat' dir='ltr'>hanc</span> <span class='ocrx_word' id='word_1_57' title='bbox 648 648 898 698; x_wconf 75' lang='lat' dir='ltr'>clausulam,</span> <span class='ocrx_word' id='word_1_58' title='bbox 913 647 1003 688; x_wconf 65' lang='lat' dir='ltr'>Ave</span> <span class='ocrx_word' id='word_1_59' title='bbox 1024 647 1077 687; x_wconf 85' lang='lat' dir='ltr'><em>M</em></span> <span class='ocrx_word' id='word_1_60' title='bbox 1076 645 1194 697; x_wconf 66' lang='lat' dir='ltr'>aria,</span> <span class='ocrx_word' id='word_1_61' title='bbox 1212 651 1253 686; x_wconf 88' lang='lat' dir='ltr'>et</span> <span class='ocrx_word' id='word_1_62' title='bbox 1273 647 1520 700; x_wconf 77' lang='lat' dir='ltr'>procedant,</span> <span class='ocrx_word' id='word_1_63' title='bbox 1538 645 1593 684; x_wconf 72' lang='lat' dir='ltr'>Et</span> <span class='ocrx_word' id='word_1_64' title='bbox 1614 658 1669 685; x_wconf 66' lang='lat' dir='ltr'>oze</span> 
     </span>
     <span class='ocr_line' id='line_1_9' title="bbox 134 710 1669 762; baseline -0.003 -10"><span class='ocrx_word' id='word_1_65' title='bbox 134 725 230 762; x_wconf 59' lang='grc' dir='ltr'><em>ποεῖ,</em></span> <span class='ocrx_word' id='word_1_66' title='bbox 263 715 344 752; x_wconf 80' lang='lat' dir='ltr'>etc.</span> <span class='ocrx_word' id='word_1_67' title='bbox 381 726 498 752; x_wconf 88' lang='lat' dir='ltr'>more</span> <span class='ocrx_word' id='word_1_68' title='bbox 532 712 669 752; x_wconf 84' lang='lat' dir='ltr'>solito.</span> <span class='ocrx_word' id='word_1_69' title='bbox 730 712 945 752; x_wconf 65' lang='lat' dir='ltr'>Praeterea</span> <span class='ocrx_word' id='word_1_70' title='bbox 976 712 1079 751; x_wconf 89' lang='lat' dir='ltr'>dicti</span> <span class='ocrx_word' id='word_1_71' title='bbox 1117 711 1263 750; x_wconf 83' lang='lat' dir='ltr'>vicarii</span> <span class='ocrx_word' id='word_1_72' title='bbox 1296 710 1447 750; x_wconf 84' lang='lat' dir='ltr'>volunt</span> <span class='ocrx_word' id='word_1_73' title='bbox 1484 714 1525 749; x_wconf 85' lang='lat' dir='ltr'>et</span> <span class='ocrx_word' id='word_1_74' title='bbox 1570 722 1669 749; x_wconf 91' lang='lat' dir='ltr'>con-</span> 
     </span>
     <span class='ocr_line' id='line_1_10' title="bbox 134 775 1668 829; baseline -0.003 -13"><span class='ocrx_word' id='word_1_75' title='bbox 134 777 295 817; x_wconf 88' lang='lat' dir='ltr'>cedunt</span> <span class='ocrx_word' id='word_1_76' title='bbox 315 790 390 829; x_wconf 90' lang='lat' dir='ltr'>per</span> <span class='ocrx_word' id='word_1_77' title='bbox 411 780 644 829; x_wconf 76' lang='lat' dir='ltr'>praesentes</span> <span class='ocrx_word' id='word_1_78' title='bbox 665 790 740 829; x_wconf 93' lang='lat' dir='ltr'>pro</span> <span class='ocrx_word' id='word_1_79' title='bbox 763 789 805 815; x_wconf 90' lang='lat' dir='ltr'>se</span> <span class='ocrx_word' id='word_1_80' title='bbox 829 779 873 816; x_wconf 88' lang='lat' dir='ltr'>et</span> <span class='ocrx_word' id='word_1_81' title='bbox 895 775 1207 815; x_wconf 88' lang='lat' dir='ltr'>successoribus</span> <span class='ocrx_word' id='word_1_82' title='bbox 1226 775 1313 813; x_wconf 88' lang='lat' dir='ltr'>suis</span> <span class='ocrx_word' id='word_1_83' title='bbox 1331 775 1668 827; x_wconf 81' lang='lat' dir='ltr'>imperpetuum,</span> 
     </span>
     <span class='ocr_line' id='line_1_11' title="bbox 134 837 1667 893; baseline -0.003 -13"><span class='ocrx_word' id='word_1_84' title='bbox 134 841 248 893; x_wconf 91' lang='lat' dir='ltr'>quod</span> <span class='ocrx_word' id='word_1_85' title='bbox 279 841 668 893; x_wconf 82' lang='lat' dir='ltr'>quocienscumque</span> <span class='ocrx_word' id='word_1_86' title='bbox 700 839 905 879; x_wconf 88' lang='lat' dir='ltr'>deficiant</span> <span class='ocrx_word' id='word_1_87' title='bbox 936 839 1005 879; x_wconf 74' lang='lat' dir='ltr'>vel</span> <span class='ocrx_word' id='word_1_88' title='bbox 1046 839 1252 879; x_wconf 88' lang='lat' dir='ltr'>omittant</span> <span class='ocrx_word' id='word_1_89' title='bbox 1293 838 1459 877; x_wconf 88' lang='lat' dir='ltr'>dictum</span> <span class='ocrx_word' id='word_1_90' title='bbox 1501 837 1667 876; x_wconf 87' lang='lat' dir='ltr'>obitum</span> 
     </span>
     <span class='ocr_line' id='line_1_12' title="bbox 133 900 1667 954; baseline -0.003 -11"><span class='ocrx_word' id='word_1_91' title='bbox 133 904 249 943; x_wconf 88' lang='lat' dir='ltr'>ultra</span> <span class='ocrx_word' id='word_1_92' title='bbox 270 904 419 944; x_wconf 90' lang='lat' dir='ltr'>decem</span> <span class='ocrx_word' id='word_1_93' title='bbox 441 904 531 943; x_wconf 84' lang='lat' dir='ltr'>dies</span> <span class='ocrx_word' id='word_1_94' title='bbox 553 917 639 942; x_wconf 91' lang='lat' dir='ltr'>non</span> <span class='ocrx_word' id='word_1_95' title='bbox 671 903 937 942; x_wconf 87' lang='lat' dir='ltr'>celebratum</span> <span class='ocrx_word' id='word_1_96' title='bbox 967 903 1012 941; x_wconf 90' lang='lat' dir='ltr'>in</span> <span class='ocrx_word' id='word_1_97' title='bbox 1034 902 1170 942; x_wconf 87' lang='lat' dir='ltr'>forma</span> <span class='ocrx_word' id='word_1_98' title='bbox 1191 902 1408 954; x_wconf 80' lang='lat' dir='ltr'>praedicta,</span> <span class='ocrx_word' id='word_1_99' title='bbox 1431 906 1535 940; x_wconf 85' lang='lat' dir='ltr'>tunc</span> <span class='ocrx_word' id='word_1_100' title='bbox 1558 900 1667 940; x_wconf 89' lang='lat' dir='ltr'>bene</span> 
     </span>
     <span class='ocr_line' id='line_1_13' title="bbox 133 965 1667 1020; baseline -0.002 -14"><span class='ocrx_word' id='word_1_101' title='bbox 133 967 262 1007; x_wconf 86' lang='lat' dir='ltr'>liceat</span> <span class='ocrx_word' id='word_1_102' title='bbox 293 967 499 1020; x_wconf 85' lang='lat' dir='ltr'>magistro</span> <span class='ocrx_word' id='word_1_103' title='bbox 530 965 704 1006; x_wconf 84' lang='lat' dir='ltr'>Thomae</span> <span class='ocrx_word' id='word_1_104' title='bbox 736 965 937 1006; x_wconf 85' lang='lat' dir='ltr'>Bakhous</span> <span class='ocrx_word' id='word_1_105' title='bbox 969 966 1074 1006; x_wconf 92' lang='lat' dir='ltr'>dum</span> <span class='ocrx_word' id='word_1_106' title='bbox 1096 966 1266 1015; x_wconf 83' lang='lat' dir='ltr'>vixerit,</span> <span class='ocrx_word' id='word_1_107' title='bbox 1289 968 1333 1005; x_wconf 83' lang='lat' dir='ltr'>et</span> <span class='ocrx_word' id='word_1_108' title='bbox 1365 969 1457 1018; x_wconf 86' lang='lat' dir='ltr'>post</span> <span class='ocrx_word' id='word_1_109' title='bbox 1482 968 1667 1004; x_wconf 84' lang='lat' dir='ltr'>mortem</span> 
     </span>
     <span class='ocr_line' id='line_1_14' title="bbox 134 1029 1668 1084; baseline -0.002 -14"><span class='ocrx_word' id='word_1_110' title='bbox 134 1031 329 1084; x_wconf 81' lang='lat' dir='ltr'>praedicti</span> <span class='ocrx_word' id='word_1_111' title='bbox 360 1030 550 1081; x_wconf 83' lang='lat' dir='ltr'>Thomae,</span> <span class='ocrx_word' id='word_1_112' title='bbox 581 1031 772 1084; x_wconf 86' lang='lat' dir='ltr'>capitulo</span> <span class='ocrx_word' id='word_1_113' title='bbox 804 1031 1029 1070; x_wconf 87' lang='lat' dir='ltr'>beatorum</span> <span class='ocrx_word' id='word_1_114' title='bbox 1060 1030 1181 1070; x_wconf 88' lang='lat' dir='ltr'>Petri</span> <span class='ocrx_word' id='word_1_115' title='bbox 1213 1032 1257 1069; x_wconf 87' lang='lat' dir='ltr'>et</span> <span class='ocrx_word' id='word_1_116' title='bbox 1288 1029 1477 1068; x_wconf 85' lang='lat' dir='ltr'>Wilfridi</span> <span class='ocrx_word' id='word_1_117' title='bbox 1509 1029 1668 1081; x_wconf 87' lang='lat' dir='ltr'>imper-</span> 
     </span>
     <span class='ocr_line' id='line_1_15' title="bbox 136 1093 1669 1148; baseline -0.002 -14"><span class='ocrx_word' id='word_1_118' title='bbox 136 1098 332 1148; x_wconf 89' lang='lat' dir='ltr'>petuum,</span> <span class='ocrx_word' id='word_1_119' title='bbox 354 1095 407 1134; x_wconf 92' lang='lat' dir='ltr'>de</span> <span class='ocrx_word' id='word_1_120' title='bbox 430 1098 474 1134; x_wconf 89' lang='lat' dir='ltr'>et</span> <span class='ocrx_word' id='word_1_121' title='bbox 495 1095 539 1134; x_wconf 90' lang='lat' dir='ltr'>in</span> <span class='ocrx_word' id='word_1_122' title='bbox 563 1095 760 1134; x_wconf 88' lang='lat' dir='ltr'>omnibus</span> <span class='ocrx_word' id='word_1_123' title='bbox 791 1095 917 1134; x_wconf 88' lang='lat' dir='ltr'>terris</span> <span class='ocrx_word' id='word_1_124' title='bbox 951 1097 995 1134; x_wconf 90' lang='lat' dir='ltr'>et</span> <span class='ocrx_word' id='word_1_125' title='bbox 1025 1094 1287 1133; x_wconf 80' lang='lat' dir='ltr'>tenementis</span> <span class='ocrx_word' id='word_1_126' title='bbox 1318 1093 1533 1133; x_wconf 88' lang='lat' dir='ltr'>dictorum</span> <span class='ocrx_word' id='word_1_127' title='bbox 1557 1093 1669 1131; x_wconf 82' lang='lat' dir='ltr'>vica-</span> 
     </span>
     <span class='ocr_line' id='line_1_16' title="bbox 136 1157 1668 1211; baseline -0.003 -13"><span class='ocrx_word' id='word_1_128' title='bbox 136 1159 298 1198; x_wconf 89' lang='lat' dir='ltr'>riorum</span> <span class='ocrx_word' id='word_1_129' title='bbox 318 1158 429 1198; x_wconf 87' lang='lat' dir='ltr'>infra</span> <span class='ocrx_word' id='word_1_130' title='bbox 450 1158 595 1197; x_wconf 89' lang='lat' dir='ltr'>villam</span> <span class='ocrx_word' id='word_1_131' title='bbox 618 1162 662 1198; x_wconf 85' lang='lat' dir='ltr'>et</span> <span class='ocrx_word' id='word_1_132' title='bbox 683 1159 951 1198; x_wconf 86' lang='lat' dir='ltr'>territorium</span> <span class='ocrx_word' id='word_1_133' title='bbox 973 1158 1182 1211; x_wconf 82' lang='lat' dir='ltr'>Riponiae,</span> <span class='ocrx_word' id='word_1_134' title='bbox 1204 1158 1380 1206; x_wconf 85' lang='lat' dir='ltr'>intrare,</span> <span class='ocrx_word' id='word_1_135' title='bbox 1395 1157 1668 1210; x_wconf 83' lang='lat' dir='ltr'>distringere,</span> 
     </span>
     <span class='ocr_line' id='line_1_17' title="bbox 140 1219 1669 1275; baseline -0.003 -13"><span class='ocrx_word' id='word_1_136' title='bbox 140 1228 185 1262; x_wconf 86' lang='lat' dir='ltr'>et</span> <span class='ocrx_word' id='word_1_137' title='bbox 214 1222 316 1262; x_wconf 90' lang='lat' dir='ltr'>inde</span> <span class='ocrx_word' id='word_1_138' title='bbox 349 1222 489 1262; x_wconf 87' lang='lat' dir='ltr'>levare</span> <span class='ocrx_word' id='word_1_139' title='bbox 522 1226 567 1262; x_wconf 86' lang='lat' dir='ltr'>et</span> <span class='ocrx_word' id='word_1_140' title='bbox 598 1223 789 1275; x_wconf 88' lang='lat' dir='ltr'>recipere</span> <span class='ocrx_word' id='word_1_141' title='bbox 821 1222 873 1262; x_wconf 87' lang='lat' dir='ltr'>ad</span> <span class='ocrx_word' id='word_1_142' title='bbox 896 1222 1141 1261; x_wconf 85' lang='lat' dir='ltr'>faciendum</span> <span class='ocrx_word' id='word_1_143' title='bbox 1173 1221 1341 1261; x_wconf 89' lang='lat' dir='ltr'>obitum</span> <span class='ocrx_word' id='word_1_144' title='bbox 1363 1221 1567 1260; x_wconf 88' lang='lat' dir='ltr'>celebrari</span> <span class='ocrx_word' id='word_1_145' title='bbox 1591 1219 1669 1259; x_wconf 83' lang='lat' dir='ltr'>sub</span> 
     </span>
     <span class='ocr_line' id='line_1_18' title="bbox 139 1284 1671 1340; baseline -0.003 -14"><span class='ocrx_word' id='word_1_146' title='bbox 139 1286 275 1326; x_wconf 87' lang='lat' dir='ltr'>forma</span> <span class='ocrx_word' id='word_1_147' title='bbox 295 1287 541 1340; x_wconf 77' lang='lat' dir='ltr'>praescripta</span> <span class='ocrx_word' id='word_1_148' title='bbox 563 1285 674 1326; x_wconf 84' lang='lat' dir='ltr'>infra</span> <span class='ocrx_word' id='word_1_149' title='bbox 703 1287 852 1326; x_wconf 89' lang='lat' dir='ltr'>decem</span> <span class='ocrx_word' id='word_1_150' title='bbox 883 1286 974 1326; x_wconf 87' lang='lat' dir='ltr'>dies</span> <span class='ocrx_word' id='word_1_151' title='bbox 1006 1285 1255 1325; x_wconf 88' lang='lat' dir='ltr'>immediate</span> <span class='ocrx_word' id='word_1_152' title='bbox 1289 1288 1531 1338; x_wconf 74' lang='lat' dir='ltr'>sequentes,</span> <span class='ocrx_word' id='word_1_153' title='bbox 1555 1284 1671 1324; x_wconf 87' lang='lat' dir='ltr'>salvo</span> 
     </span>
     <span class='ocr_line' id='line_1_19' title="bbox 139 1348 1671 1404; baseline -0.003 -14"><span class='ocrx_word' id='word_1_154' title='bbox 139 1354 286 1390; x_wconf 76' lang='lat' dir='ltr'>tamen</span> <span class='ocrx_word' id='word_1_155' title='bbox 319 1363 486 1403; x_wconf 87' lang='lat' dir='ltr'>semper</span> <span class='ocrx_word' id='word_1_156' title='bbox 510 1349 610 1404; x_wconf 87' lang='lat' dir='ltr'>jure</span> <span class='ocrx_word' id='word_1_157' title='bbox 641 1350 855 1389; x_wconf 86' lang='lat' dir='ltr'>dictorum</span> <span class='ocrx_word' id='word_1_158' title='bbox 887 1350 1141 1389; x_wconf 86' lang='lat' dir='ltr'>vicariorum</span> <span class='ocrx_word' id='word_1_159' title='bbox 1182 1350 1342 1388; x_wconf 88' lang='lat' dir='ltr'>iterum</span> <span class='ocrx_word' id='word_1_160' title='bbox 1378 1348 1671 1388; x_wconf 88' lang='lat' dir='ltr'>reassumendi</span> 
     </span>
     <span class='ocr_line' id='line_1_20' title="bbox 140 1411 1672 1468; baseline -0.003 -14"><span class='ocrx_word' id='word_1_161' title='bbox 140 1418 400 1468; x_wconf 83' lang='lat' dir='ltr'>potestatem</span> <span class='ocrx_word' id='word_1_162' title='bbox 433 1419 477 1454; x_wconf 88' lang='lat' dir='ltr'>et</span> <span class='ocrx_word' id='word_1_163' title='bbox 509 1415 811 1454; x_wconf 85' lang='lat' dir='ltr'>auctoritatem</span> <span class='ocrx_word' id='word_1_164' title='bbox 843 1413 949 1453; x_wconf 87' lang='lat' dir='ltr'>dicti</span> <span class='ocrx_word' id='word_1_165' title='bbox 980 1413 1125 1453; x_wconf 87' lang='lat' dir='ltr'>obitus</span> <span class='ocrx_word' id='word_1_166' title='bbox 1157 1413 1402 1452; x_wconf 87' lang='lat' dir='ltr'>celebrandi</span> <span class='ocrx_word' id='word_1_167' title='bbox 1434 1413 1512 1452; x_wconf 86' lang='lat' dir='ltr'>sub</span> <span class='ocrx_word' id='word_1_168' title='bbox 1537 1411 1672 1451; x_wconf 87' lang='lat' dir='ltr'>forma</span> 
     </span>
     <span class='ocr_line' id='line_1_21' title="bbox 140 1477 1674 1531; baseline -0.003 -13"><span class='ocrx_word' id='word_1_169' title='bbox 140 1478 355 1531; x_wconf 87' lang='lat' dir='ltr'>praedicta.</span> <span class='ocrx_word' id='word_1_170' title='bbox 418 1479 470 1517; x_wconf 90' lang='lat' dir='ltr'>In</span> <span class='ocrx_word' id='word_1_171' title='bbox 511 1492 695 1531; x_wconf 88' lang='lat' dir='ltr'>quorum</span> <span class='ocrx_word' id='word_1_172' title='bbox 734 1479 930 1517; x_wconf 91' lang='lat' dir='ltr'>omnium</span> <span class='ocrx_word' id='word_1_173' title='bbox 970 1478 1315 1530; x_wconf 78' lang='lat' dir='ltr'>praescriptorum</span> <span class='ocrx_word' id='word_1_174' title='bbox 1356 1477 1674 1525; x_wconf 86' lang='lat' dir='ltr'>testimonium,</span> 
     </span>
     <span class='ocr_line' id='line_1_22' title="bbox 141 1538 1675 1595; baseline -0.003 -14"><span class='ocrx_word' id='word_1_175' title='bbox 141 1542 334 1595; x_wconf 85' lang='lat' dir='ltr'>partibus</span> <span class='ocrx_word' id='word_1_176' title='bbox 380 1540 533 1581; x_wconf 86' lang='lat' dir='ltr'>harum</span> <span class='ocrx_word' id='word_1_177' title='bbox 583 1542 913 1582; x_wconf 89' lang='lat' dir='ltr'>indenturarum</span> <span class='ocrx_word' id='word_1_178' title='bbox 963 1541 1194 1594; x_wconf 79' lang='lat' dir='ltr'>praedictus</span> <span class='ocrx_word' id='word_1_179' title='bbox 1245 1541 1450 1594; x_wconf 85' lang='lat' dir='ltr'>magister</span> <span class='ocrx_word' id='word_1_180' title='bbox 1490 1538 1675 1579; x_wconf 76' lang='lat' dir='ltr'>Thomas</span> 
     </span>
     <span class='ocr_line' id='line_1_23' title="bbox 143 1604 1678 1659; baseline -0.002 -14"><span class='ocrx_word' id='word_1_181' title='bbox 143 1604 346 1645; x_wconf 85' lang='lat' dir='ltr'>Bakhous</span> <span class='ocrx_word' id='word_1_182' title='bbox 386 1606 629 1659; x_wconf 87' lang='lat' dir='ltr'>procuravit</span> <span class='ocrx_word' id='word_1_183' title='bbox 664 1605 856 1659; x_wconf 87' lang='lat' dir='ltr'>sigillum</span> <span class='ocrx_word' id='word_1_184' title='bbox 889 1605 943 1644; x_wconf 87' lang='lat' dir='ltr'>ad</span> <span class='ocrx_word' id='word_1_185' title='bbox 976 1618 1124 1644; x_wconf 85' lang='lat' dir='ltr'>causas</span> <span class='ocrx_word' id='word_1_186' title='bbox 1159 1604 1338 1657; x_wconf 86' lang='lat' dir='ltr'>capituli</span> <span class='ocrx_word' id='word_1_187' title='bbox 1373 1604 1567 1657; x_wconf 76' lang='lat' dir='ltr'>praedicti</span> <span class='ocrx_word' id='word_1_188' title='bbox 1603 1616 1678 1655; x_wconf 87' lang='lat' dir='ltr'>ap-</span> 
     </span>
     <span class='ocr_line' id='line_1_24' title="bbox 145 1667 1677 1723; baseline -0.003 -14"><span class='ocrx_word' id='word_1_189' title='bbox 145 1683 304 1722; x_wconf 88' lang='lat' dir='ltr'>ponere</span> <span class='ocrx_word' id='word_1_190' title='bbox 335 1683 412 1723; x_wconf 92' lang='lat' dir='ltr'>pro</span> <span class='ocrx_word' id='word_1_191' title='bbox 447 1673 570 1722; x_wconf 87' lang='lat' dir='ltr'>parte</span> <span class='ocrx_word' id='word_1_192' title='bbox 603 1683 691 1719; x_wconf 87' lang='lat' dir='ltr'>sua,</span> <span class='ocrx_word' id='word_1_193' title='bbox 734 1673 779 1709; x_wconf 89' lang='lat' dir='ltr'>et</span> <span class='ocrx_word' id='word_1_194' title='bbox 820 1667 1040 1709; x_wconf 86' lang='lat' dir='ltr'>Johannes</span> <span class='ocrx_word' id='word_1_195' title='bbox 1072 1668 1334 1721; x_wconf 87' lang='lat' dir='ltr'>Haddylsay,</span> <span class='ocrx_word' id='word_1_196' title='bbox 1367 1681 1418 1707; x_wconf 82' lang='lat' dir='ltr'>ex</span> <span class='ocrx_word' id='word_1_197' title='bbox 1458 1667 1677 1707; x_wconf 88' lang='lat' dir='ltr'>communi</span> 
     </span>
     <span class='ocr_line' id='line_1_25' title="bbox 145 1731 1677 1785; baseline -0.002 -13"><span class='ocrx_word' id='word_1_198' title='bbox 145 1746 357 1772; x_wconf 86' lang='lat' dir='ltr'>consensu</span> <span class='ocrx_word' id='word_1_199' title='bbox 390 1733 572 1773; x_wconf 83' lang='lat' dir='ltr'>fratrum</span> <span class='ocrx_word' id='word_1_200' title='bbox 607 1746 781 1772; x_wconf 89' lang='lat' dir='ltr'>suorum</span> <span class='ocrx_word' id='word_1_201' title='bbox 813 1732 975 1772; x_wconf 89' lang='lat' dir='ltr'>ibidem</span> <span class='ocrx_word' id='word_1_202' title='bbox 1012 1733 1281 1781; x_wconf 83' lang='lat' dir='ltr'>vicariorum,</span> <span class='ocrx_word' id='word_1_203' title='bbox 1319 1731 1513 1785; x_wconf 87' lang='lat' dir='ltr'>sigillum</span> <span class='ocrx_word' id='word_1_204' title='bbox 1551 1743 1677 1769; x_wconf 89' lang='lat' dir='ltr'>suum</span> 
     </span>
     <span class='ocr_line' id='line_1_26' title="bbox 147 1794 1677 1849; baseline -0.002 -14"><span class='ocrx_word' id='word_1_205' title='bbox 147 1809 373 1836; x_wconf 89' lang='lat' dir='ltr'>commune</span> <span class='ocrx_word' id='word_1_206' title='bbox 405 1797 617 1849; x_wconf 83' lang='lat' dir='ltr'>apposuit.</span> <span class='ocrx_word' id='word_1_207' title='bbox 679 1796 777 1835; x_wconf 87' lang='lat' dir='ltr'>Dat.</span> <span class='ocrx_word' id='word_1_208' title='bbox 807 1796 1015 1849; x_wconf 84' lang='lat' dir='ltr'>Riponiae,</span> <span class='ocrx_word' id='word_1_209' title='bbox 1048 1795 1232 1835; x_wconf 88' lang='lat' dir='ltr'>secundo</span> <span class='ocrx_word' id='word_1_210' title='bbox 1263 1795 1333 1834; x_wconf 91' lang='lat' dir='ltr'>die</span> <span class='ocrx_word' id='word_1_211' title='bbox 1365 1795 1531 1844; x_wconf 82' lang='lat' dir='ltr'>Marcii,</span> <span class='ocrx_word' id='word_1_212' title='bbox 1552 1794 1677 1832; x_wconf 90' lang='lat' dir='ltr'>Anno</span> 
     </span>
     <span class='ocr_line' id='line_1_27' title="bbox 148 1857 1677 1912; baseline -0.003 -13"><span class='ocrx_word' id='word_1_213' title='bbox 148 1859 321 1899; x_wconf 90' lang='lat' dir='ltr'>Domini</span> <span class='ocrx_word' id='word_1_214' title='bbox 354 1860 589 1899; x_wconf 87' lang='lat' dir='ltr'>Millesimo</span> <span class='ocrx_word' id='word_1_215' title='bbox 621 1865 801 1900; x_wconf 74' lang='lat' dir='ltr'>CCCCCm⁰</span> <span class='ocrx_word' id='word_1_216' title='bbox 823 1864 872 1898; x_wconf 83' lang='lat' dir='ltr'>x⁰</span> <span class='ocrx_word' id='word_1_217' title='bbox 894 1859 965 1910; x_wconf 58' lang='lat' dir='ltr'>vm,</span> <span class='ocrx_word' id='word_1_218' title='bbox 998 1863 1039 1899; x_wconf 89' lang='lat' dir='ltr'>et</span> <span class='ocrx_word' id='word_1_219' title='bbox 1074 1873 1188 1898; x_wconf 84' lang='lat' dir='ltr'>anno</span> <span class='ocrx_word' id='word_1_220' title='bbox 1209 1859 1331 1912; x_wconf 85' lang='lat' dir='ltr'>regni</span> <span class='ocrx_word' id='word_1_221' title='bbox 1361 1859 1475 1912; x_wconf 83' lang='lat' dir='ltr'>regis</span> <span class='ocrx_word' id='word_1_222' title='bbox 1497 1857 1677 1896; x_wconf 87' lang='lat' dir='ltr'>Henrici</span> 
     </span>
     <span class='ocr_line' id='line_1_28' title="bbox 147 1923 1054 1977; baseline -0.001 -14"><span class='ocrx_word' id='word_1_223' title='bbox 147 1924 286 1963; x_wconf 82' lang='lat' dir='ltr'>octavi</span> <span class='ocrx_word' id='word_1_224' title='bbox 307 1928 402 1976; x_wconf 85' lang='lat' dir='ltr'>post</span> <span class='ocrx_word' id='word_1_225' title='bbox 425 1928 722 1976; x_wconf 67' lang='lat' dir='ltr'>conquaestum</span> <span class='ocrx_word' id='word_1_226' title='bbox 745 1923 911 1977; x_wconf 80' lang='lat' dir='ltr'>Angliae</span> <span class='ocrx_word' id='word_1_227' title='bbox 933 1923 988 1976; x_wconf 85' lang='lat' dir='ltr'>vij</span> <span class='ocrx_word' id='word_1_228' title='bbox 1024 1928 1054 1962; x_wconf 88' lang='lat'>⁰.</span> 
     </span>
    </p>

    <p class='ocr_par' dir='ltr' id='par_1_3' title="bbox 149 1983 1685 2220">
     <span class='ocr_line' id='line_1_29' title="bbox 239 1983 1679 2040; baseline -0.001 -14"><span class='ocrx_word' id='word_1_229' title='bbox 239 1986 337 2026; x_wconf 78' lang='lat' dir='ltr'>Two</span> <span class='ocrx_word' id='word_1_230' title='bbox 366 1985 464 2026; x_wconf 78' lang='lat' dir='ltr'>oval</span> <span class='ocrx_word' id='word_1_231' title='bbox 490 1985 601 2027; x_wconf 75' lang='lat' dir='ltr'>seals</span> <span class='ocrx_word' id='word_1_232' title='bbox 637 1986 686 2027; x_wconf 76' lang='grc' dir='ltr'>ἰη</span> <span class='ocrx_word' id='word_1_233' title='bbox 717 1986 795 2027; x_wconf 72' lang='lat' dir='ltr'>‘red</span> <span class='ocrx_word' id='word_1_234' title='bbox 825 1999 925 2026; x_wconf 73' lang='lat' dir='ltr'>wax</span> <span class='ocrx_word' id='word_1_235' title='bbox 957 1985 1193 2040; x_wconf 60' lang='lat' dir='ltr'>appendet}</span> <span class='ocrx_word' id='word_1_236' title='bbox 1216 1984 1268 2038; x_wconf 73' lang='lat' dir='ltr'>by</span> <span class='ocrx_word' id='word_1_237' title='bbox 1291 1983 1435 2025; x_wconf 77' lang='lat' dir='ltr'>labels.</span> <span class='ocrx_word' id='word_1_238' title='bbox 1502 1987 1538 2027; x_wconf 88' lang='lat'>1.</span> <span class='ocrx_word' id='word_1_239' title='bbox 1571 1984 1679 2025; x_wconf 72' lang='lat' dir='ltr'>Pre-</span> 
     </span>
     <span class='ocr_line' id='line_1_30' title="bbox 149 2048 1685 2105; baseline -0.001 -15"><span class='ocrx_word' id='word_1_240' title='bbox 149 2049 234 2090; x_wconf 77' lang='lat' dir='ltr'>late</span> <span class='ocrx_word' id='word_1_241' title='bbox 257 2049 309 2090; x_wconf 72' lang='lat' dir='ltr'>in</span> <span class='ocrx_word' id='word_1_242' title='bbox 331 2049 531 2090; x_wconf 77' lang='lat' dir='ltr'>chasuble</span> <span class='ocrx_word' id='word_1_243' title='bbox 553 2050 648 2091; x_wconf 72' lang='lat' dir='ltr'>ancl</span> <span class='ocrx_word' id='word_1_244' title='bbox 669 2049 801 2091; x_wconf 69' lang='lat' dir='ltr'>mitre</span> <span class='ocrx_word' id='word_1_245' title='bbox 822 2049 903 2104; x_wconf 47' lang='lat' dir='ltr'>(sno</span> <span class='ocrx_word' id='word_1_246' title='bbox 920 2049 1042 2105; x_wconf 78' lang='lat' dir='ltr'>pall)</span> <span class='ocrx_word' id='word_1_247' title='bbox 1074 2048 1260 2101; x_wconf 67' lang='lat' dir='ltr'>holdinq</span> <span class='ocrx_word' id='word_1_248' title='bbox 1291 2062 1319 2088; x_wconf 79' lang='grc' dir='ltr'><em>α</em></span> <span class='ocrx_word' id='word_1_249' title='bbox 1349 2048 1551 2104; x_wconf 74' lang='lat' dir='ltr'>pastoral</span> <span class='ocrx_word' id='word_1_250' title='bbox 1577 2048 1685 2104; x_wconf 72' lang='lat' dir='ltr'>staff</span> 
     </span>
     <span class='ocr_line' id='line_1_31' title="bbox 149 2112 1680 2168; baseline 0 -15"><span class='ocrx_word' id='word_1_251' title='bbox 149 2113 203 2153; x_wconf 72' lang='lat' dir='ltr'>in</span> <span class='ocrx_word' id='word_1_252' title='bbox 225 2113 294 2154; x_wconf 66' lang='lat' dir='ltr'>his</span> <span class='ocrx_word' id='word_1_253' title='bbox 318 2113 393 2168; x_wconf 79' lang='lat' dir='ltr'>left</span> <span class='ocrx_word' id='word_1_254' title='bbox 414 2113 553 2165; x_wconf 71' lang='lat' dir='ltr'>hand,</span> <span class='ocrx_word' id='word_1_255' title='bbox 574 2114 669 2155; x_wconf 72' lang='lat' dir='ltr'>and</span> <span class='ocrx_word' id='word_1_256' title='bbox 695 2113 911 2167; x_wconf 61' lang='lat' dir='ltr'>elevatiny</span> <span class='ocrx_word' id='word_1_257' title='bbox 943 2113 1009 2154; x_wconf 78' lang='lat' dir='ltr'>the</span> <span class='ocrx_word' id='word_1_258' title='bbox 1039 2112 1159 2167; x_wconf 68' lang='lat' dir='ltr'>rz&#39;yht</span> <span class='ocrx_word' id='word_1_259' title='bbox 1186 2112 1293 2154; x_wconf 72' lang='lat' dir='ltr'>with</span> <span class='ocrx_word' id='word_1_260' title='bbox 1320 2117 1402 2155; x_wconf 77' lang='lat' dir='ltr'>two</span> <span class='ocrx_word' id='word_1_261' title='bbox 1413 2112 1587 2168; x_wconf 65' lang='lat' dir='ltr'>fixnyers</span> <span class='ocrx_word' id='word_1_262' title='bbox 1612 2127 1680 2154; x_wconf 70' lang='lat' dir='ltr'>ecc-</span> 
     </span>
     <span class='ocr_line' id='line_1_32' title="bbox 152 2177 1146 2220; baseline 0.001 -2"><span class='ocrx_word' id='word_1_263' title='bbox 152 2177 339 2218; x_wconf 68' lang='lat' dir='ltr'>tanded:</span> <span class='ocrx_word' id='word_1_264' title='bbox 376 2178 480 2219; x_wconf 76' lang='lat' dir='ltr'>Insc</span> <span class='ocrx_word' id='word_1_265' title='bbox 484 2209 670 2219; x_wconf 90' lang='lat'><strong>.....</strong></span> <span class='ocrx_word' id='word_1_266' title='bbox 703 2190 759 2219; x_wconf 70' lang='lat' dir='ltr'>ox</span> <span class='ocrx_word' id='word_1_267' title='bbox 781 2190 837 2219; x_wconf 82' lang='lat' dir='ltr'>AD</span> <span class='ocrx_word' id='word_1_268' title='bbox 858 2189 1059 2219; x_wconf 71' lang='lat' dir='ltr'>crrATmN</span> <span class='ocrx_word' id='word_1_269' title='bbox 1093 2209 1103 2219; x_wconf 86' lang='lat'><strong>.</strong></span> <span class='ocrx_word' id='word_1_270' title='bbox 1137 2211 1146 2220; x_wconf 89' lang='lat'><strong>.</strong></span> 
     </span>
    </p>

    <p class='ocr_par' dir='ltr' id='par_1_4' title="bbox 153 2239 1681 2538">
     <span class='ocr_line' id='line_1_33' title="bbox 242 2239 1681 2297; baseline 0 -15"><span class='ocrx_word' id='word_1_271' title='bbox 242 2244 284 2282; x_wconf 82' lang='lat'>2.</span> <span class='ocrx_word' id='word_1_272' title='bbox 316 2241 354 2281; x_wconf 92' lang='lat' dir='ltr'><strong><em>A</em></strong></span> <span class='ocrx_word' id='word_1_273' title='bbox 388 2240 496 2295; x_wconf 70' lang='lat' dir='ltr'>kiny</span> <span class='ocrx_word' id='word_1_274' title='bbox 522 2241 786 2297; x_wconf 58' lang='lat' dir='ltr'>presentiny</span> <span class='ocrx_word' id='word_1_275' title='bbox 818 2247 859 2283; x_wconf 82' lang='lat' dir='ltr'>to</span> <span class='ocrx_word' id='word_1_276' title='bbox 890 2257 919 2283; x_wconf 84' lang='grc' dir='ltr'><em>α</em></span> <span class='ocrx_word' id='word_1_277' title='bbox 950 2242 1114 2283; x_wconf 69' lang='lat' dir='ltr'>mitred</span> <span class='ocrx_word' id='word_1_278' title='bbox 1145 2241 1317 2297; x_wconf 69' lang='lat' dir='ltr'>prolate</span> <span class='ocrx_word' id='word_1_279' title='bbox 1350 2239 1456 2282; x_wconf 71' lang='lat' dir='ltr'>with</span> <span class='ocrx_word' id='word_1_280' title='bbox 1493 2255 1622 2291; x_wconf 60' lang='lat' dir='ltr'>cros-s,</span> <span class='ocrx_word' id='word_1_281' title='bbox 1651 2255 1681 2282; x_wconf 83' lang='grc' dir='ltr'>α</span> 
     </span>
     <span class='ocr_line' id='line_1_34' title="bbox 154 2303 1681 2361; baseline 0 -16"><span class='ocrx_word' id='word_1_282' title='bbox 154 2303 325 2346; x_wconf 76' lang='lat' dir='ltr'>charter</span> <span class='ocrx_word' id='word_1_283' title='bbox 354 2304 462 2346; x_wconf 76' lang='lat' dir='ltr'>with</span> <span class='ocrx_word' id='word_1_284' title='bbox 488 2306 688 2361; x_wconf 75' lang='lat' dir='ltr'>pendent</span> <span class='ocrx_word' id='word_1_285' title='bbox 718 2306 822 2357; x_wconf 66' lang='lat' dir='ltr'>scal,</span> <span class='ocrx_word' id='word_1_286' title='bbox 856 2305 951 2347; x_wconf 76' lang='lat' dir='ltr'>both</span> <span class='ocrx_word' id='word_1_287' title='bbox 972 2306 1146 2360; x_wconf 71' lang='lat' dir='ltr'>fiyzm-es</span> <span class='ocrx_word' id='word_1_288' title='bbox 1178 2305 1327 2346; x_wconf 71' lang='lat' dir='ltr'>under</span> <span class='ocrx_word' id='word_1_289' title='bbox 1357 2319 1385 2346; x_wconf 82' lang='grc' dir='ltr'><em>α</em></span> <span class='ocrx_word' id='word_1_290' title='bbox 1418 2319 1590 2359; x_wconf 69' lang='lat' dir='ltr'>cauopy</span> <span class='ocrx_word' id='word_1_291' title='bbox 1622 2318 1681 2345; x_wconf 78' lang='grc' dir='ltr'>οη</span> 
     </span>
     <span class='ocr_line' id='line_1_35' title="bbox 154 2367 1680 2424; baseline 0 -16"><span class='ocrx_word' id='word_1_292' title='bbox 154 2367 221 2408; x_wconf 71' lang='lat' dir='ltr'>the</span> <span class='ocrx_word' id='word_1_293' title='bbox 241 2368 389 2410; x_wconf 70' lang='lat' dir='ltr'>dexter</span> <span class='ocrx_word' id='word_1_294' title='bbox 408 2368 504 2410; x_wconf 72' lang='lat' dir='ltr'>side.</span> <span class='ocrx_word' id='word_1_295' title='bbox 525 2370 576 2424; x_wconf 85' lang='lat' dir='ltr'>of</span> <span class='ocrx_word' id='word_1_296' title='bbox 601 2369 742 2411; x_wconf 77' lang='lat' dir='ltr'>which</span> <span class='ocrx_word' id='word_1_297' title='bbox 765 2369 804 2411; x_wconf 74' lang='lat' dir='ltr'>is</span> <span class='ocrx_word' id='word_1_298' title='bbox 825 2384 855 2411; x_wconf 79' lang='grc' dir='ltr'>α</span> <span class='ocrx_word' id='word_1_299' title='bbox 880 2370 955 2424; x_wconf 63' lang='lat' dir='ltr'>lue-y</span> <span class='ocrx_word' id='word_1_300' title='bbox 983 2369 1078 2412; x_wconf 76' lang='lat' dir='ltr'>ancl</span> <span class='ocrx_word' id='word_1_301' title='bbox 1109 2383 1168 2410; x_wconf 79' lang='grc' dir='ltr'>οη</span> <span class='ocrx_word' id='word_1_302' title='bbox 1201 2369 1267 2410; x_wconf 73' lang='lat' dir='ltr'>the</span> <span class='ocrx_word' id='word_1_303' title='bbox 1298 2368 1483 2410; x_wconf 67' lang='lat' dir='ltr'>sinister</span> <span class='ocrx_word' id='word_1_304' title='bbox 1513 2383 1541 2409; x_wconf 81' lang='grc' dir='ltr'><em>α</em></span> <span class='ocrx_word' id='word_1_305' title='bbox 1572 2373 1680 2409; x_wconf 70' lang='lat' dir='ltr'>star.</span> 
     </span>
     <span class='ocr_line' id='line_1_36' title="bbox 159 2431 1680 2490; baseline 0.002 -18"><span class='ocrx_word' id='word_1_306' title='bbox 159 2431 310 2472; x_wconf 72' lang='lat' dir='ltr'>Under</span> <span class='ocrx_word' id='word_1_307' title='bbox 329 2446 392 2473; x_wconf 77' lang='lat' dir='ltr'>cm</span> <span class='ocrx_word' id='word_1_308' title='bbox 413 2432 518 2474; x_wconf 75' lang='lat' dir='ltr'>arch</span> <span class='ocrx_word' id='word_1_309' title='bbox 540 2433 682 2484; x_wconf 79' lang='lat' dir='ltr'>below,</span> <span class='ocrx_word' id='word_1_310' title='bbox 705 2447 731 2474; x_wconf 83' lang='grc' dir='ltr'>α</span> <span class='ocrx_word' id='word_1_311' title='bbox 753 2448 901 2490; x_wconf 49' lang='lat' dir='ltr'>(from)</span> <span class='ocrx_word' id='word_1_312' title='bbox 923 2433 973 2490; x_wconf 85' lang='lat' dir='ltr'>of</span> <span class='ocrx_word' id='word_1_313' title='bbox 995 2432 1140 2475; x_wconf 72' lang='lat' dir='ltr'>keads.</span> <span class='ocrx_word' id='word_1_314' title='bbox 1194 2433 1310 2476; x_wconf 78' lang='lat' dir='ltr'>Insc.</span> <span class='ocrx_word' id='word_1_315' title='bbox 1335 2433 1378 2474; x_wconf 87' lang='lat' dir='ltr'>S.</span> <span class='ocrx_word' id='word_1_316' title='bbox 1401 2432 1488 2473; x_wconf 69' lang='lat' dir='ltr'>Coi:</span> <span class='ocrx_word' id='word_1_317' title='bbox 1493 2462 1680 2475; x_wconf 84' lang='grc'><strong>.....</strong></span> 
     </span>
     <span class='ocr_line' id='line_1_37' title="bbox 153 2498 794 2538; baseline 0.006 -4"><span class='ocrx_word' id='word_1_318' title='bbox 153 2506 233 2536; x_wconf 77' lang='lat' dir='ltr'>PER</span> <span class='ocrx_word' id='word_1_319' title='bbox 257 2507 404 2537; x_wconf 67' lang='lat' dir='ltr'>REGI-:M</span> <span class='ocrx_word' id='word_1_320' title='bbox 427 2498 666 2538; x_wconf 70' lang='lat' dir='ltr'>HExmcmt</span> <span class='ocrx_word' id='word_1_321' title='bbox 689 2499 794 2538; x_wconf 63' lang='lat' dir='ltr'>vtum.</span> 
     </span>
    </p>

    <p class='ocr_par' dir='ltr' id='par_1_5' title="bbox 240 2559 1682 2613">
     <span class='ocr_line' id='line_1_38' title="bbox 240 2559 1682 2613; baseline -0.001 -14"><span class='ocrx_word' id='word_1_322' title='bbox 240 2559 485 2611; x_wconf 69' lang='lat' dir='ltr'>Eadm-secl,</span> <span class='ocrx_word' id='word_1_323' title='bbox 516 2560 570 2601; x_wconf 71' lang='lat' dir='ltr'>in</span> <span class='ocrx_word' id='word_1_324' title='bbox 602 2560 712 2601; x_wconf 72' lang='lat' dir='ltr'>later</span> <span class='ocrx_word' id='word_1_325' title='bbox 742 2560 902 2611; x_wconf 69' lang='lat' dir='ltr'>hands,</span> <span class='ocrx_word' id='word_1_326' title='bbox 934 2561 1050 2602; x_wconf 87' lang='lat' dir='ltr'>Obit.</span> <span class='ocrx_word' id='word_1_327' title='bbox 1091 2560 1197 2603; x_wconf 86' lang='lat' dir='ltr'>Tho.</span> <span class='ocrx_word' id='word_1_328' title='bbox 1240 2560 1488 2601; x_wconf 82' lang='lat' dir='ltr'>Backhouse</span> <span class='ocrx_word' id='word_1_329' title='bbox 1520 2574 1594 2613; x_wconf 90' lang='lat' dir='ltr'>pro</span> <span class='ocrx_word' id='word_1_330' title='bbox 1631 2562 1682 2598; x_wconf 90' lang='lat'>10</span> 
     </span>
    </p>
   </div>
   <div class='ocr_carea' id='block_1_3' title="bbox 153 2624 1681 2739">
    <p class='ocr_par' dir='ltr' id='par_1_6' title="bbox 153 2624 1681 2739">
     <span class='ocr_line' id='line_1_39' title="bbox 153 2624 1681 2681; baseline 0.001 -19"><span class='ocrx_word' id='word_1_331' title='bbox 153 2624 303 2662; x_wconf 87' lang='lat' dir='ltr'>marcis</span> <span class='ocrx_word' id='word_1_332' title='bbox 344 2625 431 2664; x_wconf 82' lang='lat' dir='ltr'>dat.</span> <span class='ocrx_word' id='word_1_333' title='bbox 473 2626 601 2664; x_wconf 83' lang='lat' dir='ltr'>vicar.</span> <span class='ocrx_word' id='word_1_334' title='bbox 643 2639 719 2678; x_wconf 87' lang='lat' dir='ltr'>pro</span> <span class='ocrx_word' id='word_1_335' title='bbox 759 2630 941 2681; x_wconf 80' lang='lat' dir='ltr'>reparat..</span> <span class='ocrx_word' id='word_1_336' title='bbox 983 2639 1102 2667; x_wconf 77' lang='lat' dir='ltr'>novae</span> <span class='ocrx_word' id='word_1_337' title='bbox 1147 2625 1363 2667; x_wconf 75' lang='lat' dir='ltr'>Bedernae.</span> <span class='ocrx_word' id='word_1_338' title='bbox 1426 2635 1509 2665; x_wconf 74' lang='lat' dir='ltr'>A-D.</span> <span class='ocrx_word' id='word_1_339' title='bbox 1557 2625 1681 2664; x_wconf 85' lang='lat'>1515.</span> 
     </span>
     <span class='ocr_line' id='line_1_40' title="bbox 155 2685 699 2739; baseline 0.011 -13"><span class='ocrx_word' id='word_1_340' title='bbox 155 2685 206 2726; x_wconf 85' lang='lat' dir='ltr'>R.</span> <span class='ocrx_word' id='word_1_341' title='bbox 231 2687 341 2727; x_wconf 89' lang='lat' dir='ltr'>Hen.</span> <span class='ocrx_word' id='word_1_342' title='bbox 366 2691 406 2739; x_wconf 86' lang='lat'>8,</span> <span class='ocrx_word' id='word_1_343' title='bbox 431 2688 487 2732; x_wconf 79' lang='lat'>7⁰.</span> <span class='ocrx_word' id='word_1_344' title='bbox 550 2689 606 2731; x_wconf 83' lang='lat' dir='ltr'>H.</span> <span class='ocrx_word' id='word_1_345' title='bbox 630 2690 699 2732; x_wconf 63' lang='grc' dir='ltr'>59ἱ</span> 
     </span>
    </p>
   </div>
   <div class='ocr_carea' id='block_1_4' title="bbox 1806 136 1896 182">
    <p class='ocr_par' dir='ltr' id='par_1_7' title="bbox 1806 136 1896 182">
     <span class='ocr_line' id='line_1_41' title="bbox 1806 136 1896 182; baseline 0 -1"><span class='ocrx_word' id='word_1_346' title='bbox 1806 136 1896 182; x_wconf 74' lang='grc'>129</span> 
     </span>
    </p>
   </div>
   <div class='ocr_carea' id='block_1_5' title="bbox 1702 267 1899 492">
    <p class='ocr_par' dir='ltr' id='par_1_8' title="bbox 1703 267 1899 335">
     <span class='ocr_line' id='line_1_42' title="bbox 1704 267 1899 303; baseline -0.005 -7"><span class='ocrx_word' id='word_1_347' title='bbox 1704 267 1822 303; x_wconf 66' lang='lat' dir='ltr'>Dirige,</span> <span class='ocrx_word' id='word_1_348' title='bbox 1837 268 1899 295; x_wconf 76' lang='lat' dir='ltr'>and</span> 
     </span>
     <span class='ocr_line' id='line_1_43' title="bbox 1703 307 1878 335; baseline -0.006 0"><span class='ocrx_word' id='word_1_349' title='bbox 1703 316 1785 335; x_wconf 62' lang='lat' dir='ltr'>mass</span> <span class='ocrx_word' id='word_1_350' title='bbox 1802 307 1878 335; x_wconf 81' lang='lat' dir='ltr'>with</span> 
     </span>
    </p>

    <p class='ocr_par' dir='ltr' id='par_1_9' title="bbox 1702 346 1889 418">
     <span class='ocr_line' id='line_1_44' title="bbox 1702 346 1889 376; baseline 0 -2"><span class='ocrx_word' id='word_1_351' title='bbox 1702 347 1809 376; x_wconf 69' lang='lat' dir='ltr'>music.</span> <span class='ocrx_word' id='word_1_352' title='bbox 1827 346 1889 374; x_wconf 79' lang='lat' dir='ltr'>and</span> 
     </span>
     <span class='ocr_line' id='line_1_45' title="bbox 1703 385 1883 418; baseline -0.006 -5"><span class='ocrx_word' id='word_1_353' title='bbox 1703 386 1755 413; x_wconf 81' lang='lat' dir='ltr'>the</span> <span class='ocrx_word' id='word_1_354' title='bbox 1771 385 1883 418; x_wconf 61' lang='lat' dir='ltr'>tolling</span> 
     </span>
    </p>

    <p class='ocr_par' dir='ltr' id='par_1_10' title="bbox 1703 425 1899 492">
     <span class='ocr_line' id='line_1_46' title="bbox 1703 425 1899 462; baseline 0.005 -11"><span class='ocrx_word' id='word_1_355' title='bbox 1703 425 1899 462; x_wconf 63' lang='lat' dir='ltr'>ofthegrcat</span> 
     </span>
     <span class='ocr_line' id='line_1_47' title="bbox 1704 464 1774 492; baseline 0.014 -1"><span class='ocrx_word' id='word_1_356' title='bbox 1704 464 1774 492; x_wconf 79' lang='lat' dir='ltr'>bell.</span> 
     </span>
    </p>
   </div>
   <div class='ocr_carea' id='block_1_6' title="bbox 1703 585 1890 662">
    <p class='ocr_par' dir='ltr' id='par_1_11' title="bbox 1703 585 1890 662">
     <span class='ocr_line' id='line_1_48' title="bbox 1707 585 1890 622; baseline 0 -9"><span class='ocrx_word' id='word_1_357' title='bbox 1707 585 1750 613; x_wconf 79' lang='lat' dir='ltr'>De</span> <span class='ocrx_word' id='word_1_358' title='bbox 1764 585 1890 622; x_wconf 81' lang='lat' dir='ltr'>prosun-</span> 
     </span>
     <span class='ocr_line' id='line_1_49' title="bbox 1703 624 1867 662; baseline 0.006 -11"><span class='ocrx_word' id='word_1_359' title='bbox 1703 625 1751 652; x_wconf 79' lang='lat' dir='ltr'>dis</span> <span class='ocrx_word' id='word_1_360' title='bbox 1767 624 1867 662; x_wconf 72' lang='lat' dir='ltr'>daily.</span> 
     </span>
    </p>
   </div>
   <div class='ocr_carea' id='block_1_7' title="bbox 1702 715 1861 784">
    <p class='ocr_par' dir='ltr' id='par_1_12' title="bbox 1702 715 1861 784">
     <span class='ocr_line' id='line_1_50' title="bbox 1705 715 1861 744; baseline -0.006 0"><span class='ocrx_word' id='word_1_361' title='bbox 1705 715 1813 744; x_wconf 70' lang='lat' dir='ltr'>I&#39;owcr</span> <span class='ocrx_word' id='word_1_362' title='bbox 1829 719 1861 744; x_wconf 88' lang='lat' dir='ltr'>to</span> 
     </span>
     <span class='ocr_line' id='line_1_51' title="bbox 1702 755 1846 784; baseline -0.014 0"><span class='ocrx_word' id='word_1_363' title='bbox 1702 755 1846 784; x_wconf 81' lang='lat' dir='ltr'>distrain.</span> 
     </span>
    </p>
   </div>
   <div class='ocr_carea' id='block_1_8' title="bbox 1714 1799 1838 1829">
    <p class='ocr_par' dir='ltr' id='par_1_13' title="bbox 1714 1799 1838 1829">
     <span class='ocr_line' id='line_1_52' title="bbox 1714 1799 1838 1829; baseline 0.008 -1"><span class='ocrx_word' id='word_1_364' title='bbox 1714 1799 1792 1828; x_wconf 73' lang='lat' dir='ltr'>Mar.</span> <span class='ocrx_word' id='word_1_365' title='bbox 1809 1800 1838 1829; x_wconf 72' lang='lat'>52.</span> 
     </span>
    </p>
   </div>
  </div>
 </body>
</html>
