1935 3151
112 162 206 209 270

109 489 224 527 Bishop

107 528 278 559 Thorntor‘.

97 2395 148 2425 Wi
155 2402 276 2428 inesses.

824 175 1097 208 MEMORIALs
1134 175 1191 208 oF
1228 175 1416 208 mmx-

342 289 586 329 willelmus
608 287 763 342 Bright
784 292 920 328 tenet.
954 288 1010 327 Et
1032 301 1167 327 unum
1191 287 1351 327 toftum
1375 300 1474 326 eum
1496 285 1630 326 crofto
1651 287 1695 325 in
1719 286 1869 326 eadem

340 354 453 406 quod
474 352 717 392 VVillelmus
744 352 967 391 Berearius
987 354 1123 391 tenet.
1184 351 1242 390 Et
1263 364 1400 390 unum
1421 349 1583 389 toftum
1614 364 1713 389 cum
1736 350 1870 390 croft-o

340 418 384 456 in
399 417 546 457 eadem
569 416 682 469 quod
691 415 934 455 Willelmus
957 415 1009 454 de
1031 415 1183 454 Monte
1197 411 1334 454 tenet.
1371 414 1429 453 Et
1441 427 1579 453 unum
1592 413 1754 453 toftum
1770 428 1870 453 cum

339 482 518 535 gardino
560 481 605 519 in
646 480 746 519 villa
787 479 839 519 de
873 478 1146 518 Thornetona
1190 477 1508 531 Archiepiseopi
1542 478 1654 531 quod
1687 478 1871 518 Matilda

339 546 486 585 Lotrix
517 548 651 584 tenet.
713 545 771 583 Et
800 557 938 583 unum
969 543 1128 582 toftum
1160 556 1258 582 cum
1289 543 1467 596 gardino
1498 543 1544 581 in
1576 542 1723 582 eadem
1755 542 1868 594 quod

337 609 497 650 Alanus
538 607 755 662 Mongoke
796 611 932 647 tenet„
994 608 1053 646 Et
1093 620 1232 646 unum
1272 606 1433 646 toftum
1475 620 1574 645 cum
1613 606 1792 660 gardino
1822 607 1868 646 in

337 673 486 712 eadem
518 672 629 725 quod
652 671 894 711 VVillelmus
927 671 1100 724 Squry
1120 673 1257 710 tenet.
1320 671 1377 709 Et.
1407 683 1545 709 unum
1576 669 1736 709 toftum
1768 684 1867 709 cum

336 737 516 790 gardino
547 737 593 775 in
626 736 775 775 eadem
808 735 921 788 quod
943 733 1196 787 Radulphus
1217 733 1332 773 filius
1356 733 1594 774 Custanciae
1616 736 1748 773 tenet.
1811 734 1868 773 Et:

336 814 472 839 unum
493 799 654 839 toftum
674 813 774 838 cum
795 799 975 852 gardino
996 799 1042 837 in
1057 798 1206 838 eadem
1220 798 1333 850 quod
1350 798 1512 837 Alanus
1527 797 1867 837 Molendinarius

335 867 473 903 tenet.
536 864 595 902 Et
615 877 753 902 unum
774 862 934 902 toftum
956 875 1055 901 cum
1077 862 1255 915 gardino
1277 862 1323 900 in
1346 862 1495 901 eadem
1517 861 1630 914 quod
1651 859 1865 901 Mathaeus

336 927 472 967 Faber
503 929 639 966 tenet.
700 926 759 965 Et
788 940 926 965 unum
967 925 1127 965 toftum
1168 939 1267 964 eum
1309 925 1442 964 orosto
1483 925 1529 963 in
1563 925 1712 964 eadem
1752 925 1865 977 quod

334 990 553 1031 Johannes
576 991 703 1031 Sutor
724 993 859 1030 tenet.
891 990 949 1029 Et
969 1003 1106 1029 unum
1128 988 1294 1028 toftum
1310 990 1355 1028 in
1370 989 1517 1028 eadem
1531 989 1644 1041 quod
1662 987 1866 1042 Sigereda

334 1055 462 1094 vidua
502 1057 638 1094 tenet.
700 1054 757 1093 Et
798 1067 934 1093 unum
974 1052 1136 1092 toftum
1176 1066 1275 1092 cum
1316 1052 1450 1092 orosto
1481 1053 1527 1091 in
1569 1052 1719 1091 eadem
1750 1053 1863 1105 quod

333 1119 547 1158 Henricus
569 1117 791 1170 Rankepol
807 1120 943 1157 tenet.
975 1117 1033 1156 Et
1045 1130 1238 1155 annuum
1251 1117 1469 1156 redditum
1503 1146 1512 1155 .
1547 1146 1557 1155 .
1590 1146 1600 1156 .
1634 1115 1863 1155 solidorum

334 1183 379 1220 in
402 1182 565 1231 eadem,
588 1181 912 1234 percipiendum
935 1180 987 1219 de
1008 1180 1260 1219 tenentibus
1293 1183 1503 1219 terrarum
1534 1179 1692 1233 Rogeri
1714 1179 1864 1219 Fores-

331 1246 444 1285 tarii.
506 1245 564 1284 Et,
593 1258 787 1284 annuum
820 1244 1041 1283 redditum
1073 1257 1145 1283 sex
1176 1243 1448 1283 denariorum
1479 1244 1526 1282 in
1557 1243 1707 1282 eadem
1728 1243 1864 1295 perci-
1932 1278 1935 1280 .

332 1309 540 1361 piendum
562 1309 615 1348 de
636 1307 746 1348 tofto
768 1310 812 1348 et
832 1310 944 1347 terra
975 1321 1070 1360 quae
1101 1307 1129 1347 J
1131 1306 1319 1346 ohannes
1351 1307 1404 1346 de
1427 1306 1695 1360 Coppegrave
1726 1309 1862 1347 tenet.

332 1373 390 1411 Et
410 1386 603 1412 annuum
624 1372 842 1411 redditum
859 1385 1012 1410 novem
1029 1371 1300 1410 denariorum
1314 1370 1359 1409 in
1374 1370 1524 1410 eadem
1538 1370 1861 1423 percipiendum

332 1436 384 1475 de
407 1449 493 1475 uno
514 1435 623 1475 tofto
644 1449 742 1474 cum
756 1434 891 1474 orosto
907 1435 1020 1487 quod
1035 1434 1196 1473 Alanus
1211 1433 1408 1473 Turfstao
1422 1437 1557 1473 tenet.
1589 1434 1646 1473 Et
1667 1447 1860 1473 annuum

331 1499 550 1538 redditum
571 1499 754 1538 duorum
777 1498 1008 1537 solidorum
1030 1497 1398 1550 percipiendorum
1430 1497 1483 1536 de
1515 1511 1600 1536 uno
1631 1496 1740 1537 tofto
1761 1511 1859 1536 cum

331 1562 463 1602 crofto
485 1563 531 1602 in
553 1562 858 1615 Markingtona
878 1561 991 1614 quod
1014 1560 1139 1600 Siliot
1159 1564 1295 1600 tenet.
1358 1560 1618 1600 Habendum
1640 1564 1684 1600 et
1704 1564 1859 1600 tenen—

331 1626 435 1665 dum
459 1626 596 1665 eidem
619 1625 837 1664 Willelmo
860 1628 903 1664 et
923 1623 1163 1664 haeredibus
1187 1624 1275 1664 suis
1296 1624 1364 1663 vel
1386 1637 1535 1663 eorum
1557 1625 1784 1678 assignatis
1806 1625 1859 1664 de

331 1690 585 1742 capitalibus
607 1689 790 1728 dominis
813 1688 926 1727 feodi
948 1688 1077 1737 illius,
1099 1688 1232 1727 libere
1255 1688 1402 1740 quiete
1424 1688 1477 1727 ab
1506 1687 1706 1727 omnibus
1729 1701 1859 1727 saecu-

332 1753 490 1793 laribus
508 1753 694 1793 serviciis
717 1756 758 1792 et
778 1752 903 1791 sectis
918 1752 1132 1791 curiarum
1148 1751 1258 1791 bene
1281 1754 1326 1791 et
1346 1751 1519 1805 pacifice
1541 1765 1639 1791 cum
1661 1752 1858 1791 omnibus

331 1817 600 1856 libertatibus
643 1819 685 1856 et
726 1816 1002 1869 aysiamentis
1053 1815 1098 1854 in
1145 1815 1293 1865 boscis,
1333 1816 1480 1868 pratiS‚
1522 1816 1721 1868 pasturis,
1763 1816 1858 1865 viis,

331 1881 509 1930 semitis,
543 1884 587 1920 et
620 1879 817 1919 omnibus
853 1879 947 1918 aliis
984 1879 1085 1918 locis
1126 1879 1179 1919 ad
1220 1879 1424 1932 praedicta
1463 1879 1695 1932 mesuagia,
1732 1878 1857 1928 tofta,
1928 1892 1930 1894 ’

329 1949 477 1995 terras,
500 1948 543 1984 et
565 1948 699 1997 prata,
714 1942 823 1982 infra
837 1943 983 1982 villam
998 1946 1043 1982 et
1057 1946 1175 1982 extra
1187 1943 1505 1996 pertinentibus
1523 1943 1567 1982 in
1582 1946 1854 1995 perpetuum.

329 2009 421 2062 Ego
472 2022 569 2048 vero
610 2007 841 2047 Nieholaus
884 2010 929 2046 et
968 2006 1158 2046 haeredes
1200 2007 1284 2047 mei
1326 2010 1371 2046 et
1411 2007 1615 2060 assignati
1656 2006 1856 2059 praedicta

329 2072 561 2125 mesuagia,
598 2071 722 2120 tofta,
756 2074 905 2121 terras,
938 2074 1072 2123 prata,
1106 2071 1314 2120 redditus,
1350 2084 1449 2109 eum
1489 2070 1688 2109 omnibus
1723 2071 1856 2123 perti-

328 2137 491 2175 nenciis
524 2136 610 2174 suis
642 2138 693 2174 ut
722 2134 977 2187 praedictum
1009 2137 1089 2184 est,
1122 2134 1263 2174 eidem
1285 2133 1504 2173 Willelmo
1536 2137 1581 2174 et,
1612 2133 1854 2174 haeredibus

331 2201 418 2239 suis
440 2199 506 2239 vel
529 2212 674 2238 eorum
696 2198 924 2252 assignatis
940 2200 1084 2237 contra
1101 2210 1248 2237 omnes
1262 2196 1456 2237 homines
1472 2197 1854 2247 warantizabimus,

328 2263 679 2315 acquietabimus,
717 2264 762 2301 et,
801 2260 1082 2300 defendemus
1118 2261 1163 2299 in
1204 2264 1475 2313 perpetuum.
1538 2261 1589 2300 In
1626 2260 1749 2314 cujus
1790 2261 1853 2300 rei

329 2326 627 2365 testimonium
649 2328 904 2378 praesentem
927 2327 1087 2363 cartam
1104 2324 1234 2377 sigilli
1252 2324 1337 2363 mei
1353 2324 1631 2377 impressione
1647 2324 1851 2364 roboravi.

328 2389 423 2428 Hiis
452 2389 648 2437 testibus,
685 2388 857 2427 domino
888 2388 1021 2427 Alano
1052 2388 1104 2427 de
1137 2386 1348 2437 Aldfelde,
1379 2388 1552 2427 domino
1582 2388 1766 2427 Patricio
1797 2387 1851 2427 de

326 2451 570 2501 VVestwike,
584 2451 797 2490 militibus
815 2465 825 2498 ;
858 2450 1046 2490 Roberto
1062 2451 1114 2490 de
1129 2450 1319 2500 Nunwe’,
1335 2450 1363 2490 J
1366 2449 1531 2490 ohanne
1545 2451 1597 2490 de
1612 2451 1851 2503 Braytotes,

324 2515 365 2554 N
369 2514 531 2555 icholao
553 2514 695 2562 ward,
718 2514 905 2553 Roberto
920 2514 972 2553 de
995 2514 1188 2564 Deserto,
1205 2514 1233 2554 J
1236 2513 1400 2553 ohanne
1419 2515 1471 2554 de
1487 2514 1708 2567 Bradelay,
1723 2515 1851 2554 Petro

324 2579 376 2618 de
393 2577 661 2631 M’kingfeld,
671 2576 886 2615 Willelmo
900 2577 951 2616 de
968 2576 1401 2627 Surhende‚Roberto
1416 2578 1850 2630 Dispeneer‚Ricard0

324 2642 376 2681 de
419 2642 570 2691 Stowe,
607 2640 634 2681 J
638 2639 802 2679 ohanne
843 2639 895 2679 de
938 2640 1064 2691 Ebor,
1107 2640 1274 2694 Rogero
1304 2641 1357 2681 de
1393 2641 1597 2691 Burtona,
1632 2639 1848 2693 Stephano

323 2704 503 2754 Chssoen,
525 2708 571 2743 et,
590 2703 697 2742 aliis,

411 2766 541 2807 Label
562 2764 837 2817 remaininq,
859 2763 935 2806 but
956 2779 1016 2806 πο
1037 2765 1139 2807 θεαί.

411 2829 778 2870 En‹l0rse(Z.—H.
801 2830 871 2868 48.
