1955 3068
560 131 785 164 orufflxAL
823 131 1111 164 D(*)(?L'MEN'1¹S.

63 241 175 294 quod
193 242 317 281 Anno
336 242 507 282 Domini
532 244 767 284 secundum
783 257 955 284 cursum
971 248 1013 283 et
1029 243 1396 297 computacionem
1413 243 1599 284 ecclesia2
1566 259 1599 284 e

63 306 308 360 Anglicanae
341 306 569 347 millesimo
600 308 949 380 quingentesimo
982 308 1209 361 trigesimo
1242 311 1377 358 sexto,
1412 312 1457 348 et
1487 322 1600 349 anno

62 369 342 410 illustrissimi
395 372 439 410 in
483 371 653 412 Christo
694 373 900 426 principis
949 375 994 412 et
1035 372 1201 412 domini
1243 373 1394 423 nostri,
1435 372 1599 413 domini

65 433 240 473 Henrici
265 434 430 484 Octavi,
448 436 528 475 Dei
549 437 703 490 gracia,
721 437 888 490 Angliae
912 440 957 476 et
979 436 1169 476 Franciae
1190 437 1317 490 regis,
1334 437 1434 477 fidei
1451 437 1600 477 defen-

64 498 183 548 soris,
205 512 252 538 ac
275 499 319 538 in
342 501 467 539 terris
490 502 675 553 supremi
693 501 883 540 ecclesiae
901 500 1150 554 Anglicanae
1169 501 1248 541 sub
1263 500 1432 542 Christo
1446 502 1600 555 capitis

64 562 265 601 vicesimo
287 563 485 616 septimo,
506 565 668 604 mensis
690 578 789 604 vero
811 564 970 618 Aprilis
1002 564 1073 605 die
1105 565 1308 605 vicesimo
1332 566 1531 616 secundo,
1554 566 1598 605 in

64 625 189 666 domo
210 626 435 680 capitulari
458 628 646 668 ecclesiae
669 628 908 682 collegiatae
924 628 1071 669 Sancti
1093 628 1284 669 wilfridi
1307 629 1460 683 Ripon’
1474 630 1599 670 Ebor.

63 689 185 729 dioec.
208 691 380 744 meique
411 693 565 731 notarii
598 692 759 746 publici
790 706 837 732 ac
869 693 1047 732 testium
1079 693 1258 733 inferius
1279 695 1599 734 nominatorum

63 755 304 807 praesenciis
321 756 551 795 constituti
568 757 863 810 personaliter,
874 757 1040 810 providi
1055 761 1098 797 et
1112 758 1287 797 discreti
1306 759 1384 797 viri
1403 759 1599 813 magistri

63 817 348 859 Christoferus
386 820 610 874 Dragelay,
644 821 876 874 praesidens
913 822 1090 874 capituli
1127 822 1252 861 dictae
1290 822 1477 862 ecclesiae
1514 823 1600 863 col-

62 882 246 937 legiatae,
270 887 311 923 et
334 883 650 937 praebendarius
673 885 912 938 praebendae
934 885 986 925 de
1020 884 1258 925 Monketon
1290 899 1338 925 ac
1370 887 1598 926 canonicus

60 947 386 987 residenciarius
414 948 460 987 in
483 949 647 999 eadem,
670 950 875 1002 magister
897 949 1200 989 Marmaducus
1214 950 1451 998 Waldebie,
1474 965 1598 991 sacrae

61 1010 288 1066 theologice
310 1012 519 1066 professor
540 1016 586 1053 et
616 1014 935 1068 praebendarius
968 1014 1206 1067 praebendae
1238 1015 1290 1054 de
1315 1015 1597 1069 Gevynedaill

61 1089 108 1115 ac
137 1077 366 1116 canonicus
396 1077 722 1118 residenciarius
744 1078 789 1117 in
813 1078 976 1128 eadem,
998 1082 1042 1118 et
1075 1080 1281 1134 magister
1313 1078 1597 1120 Christoferus

64 1139 175 1190 Sele,
198 1141 512 1194 praebendarius
545 1141 690 1182 Sancti
722 1141 935 1183 Johannis
967 1142 1020 1182 de
1054 1141 1347 1196 Staynewikes
1379 1144 1425 1183 in
1447 1145 1596 1184 eadem

63 1204 239 1244 ecclesia
272 1205 511 1260 collegiata,
543 1206 826 1259 nonnullique
858 1206 931 1245 alii
963 1207 1151 1246 ministri
1184 1207 1377 1261 ejusdem
1409 1209 1596 1249 ecclesiae

62 1269 312 1323 collegiatae,
331 1270 568 1323 capitulum
591 1274 696 1310 tunc
719 1270 881 1310 ibidem
902 1270 1110 1310 facientes
1130 1276 1172 1311 et
1190 1272 1471 1322 celebrantes,
1489 1287 1594 1313 non-

61 1333 180 1372 nulla
206 1332 319 1386 jura,
349 1335 634 1384 munimenta,
667 1338 712 1374 et
744 1334 914 1374 indulta
949 1334 1192 1388 apostolica,
1225 1349 1272 1375 ac
1304 1336 1442 1376 bullas
1478 1351 1595 1377 more

61 1397 353 1437 Romanorum
375 1398 628 1451 pontificum
651 1399 828 1452 scriptas
861 1403 905 1438 et
938 1399 1144 1453 sigillatas
1176 1413 1261 1439 non
1285 1400 1465 1440 obolitas
1487 1400 1594 1456 (sic)

61 1474 139 1501 nec
160 1461 414 1501 cancellatas
435 1476 515 1502 nec
537 1463 583 1502 in
605 1463 749 1516 aliqua
765 1477 913 1503 earum
930 1468 1051 1517 parte
1072 1469 1290 1517 suspectas
1307 1478 1386 1504 nec
1403 1466 1595 1517 viciatas,

62 1525 134 1564 sed
157 1539 276 1565 sanas
309 1529 353 1566 et
384 1526 574 1581 integras
605 1531 657 1567 ut
687 1526 821 1567 michi
852 1528 1018 1567 notario
1049 1528 1321 1582 infrascripto
1342 1532 1386 1569 et
1407 1530 1595 1570 testibus

61 1589 311 1643 subscriptis
336 1594 440 1630 tunc
462 1592 661 1644 apparuit
683 1605 734 1631 ex
755 1591 1025 1645 inspeccione
1048 1593 1294 1642 earundem,
1317 1607 1392 1646 pro
1408 1593 1594 1647 juribuS‚

61 1653 426 1705 immunitatibus,
473 1658 519 1694 et
568 1655 845 1695 libertatibus
897 1655 1084 1709 praefatae
1126 1656 1315 1697 ecclesiae
1357 1658 1594 1713 collegiatae

62 1716 208 1757 Sancti
228 1718 417 1758 Wilfridi
438 1719 668 1772 praedictae,
690 1721 990 1773 canonicisque
1013 1724 1056 1759 et
1077 1720 1377 1773 praebendariis
1400 1722 1594 1775 ejusdem

61 1782 287 1832 concessis,
328 1796 469 1822 coram
510 1797 580 1823 me
621 1785 787 1823 notario
830 1787 875 1823 et
916 1784 1100 1823 testibus
1142 1784 1322 1824 inferius
1363 1787 1594 1826 nominatis

62 1844 352 1886 exhibuerunt
373 1850 418 1886 et
440 1861 589 1887 eorum
610 1848 794 1901 quilibet
829 1846 1040 1897 exhibuit,
1069 1862 1224 1901 meque
1255 1850 1471 1889 notarium
1495 1851 1595 1891 sub-

62 1911 268 1963 scriptum
301 1911 354 1950 de
387 1914 431 1950 et
453 1925 580 1964 super
602 1911 873 1952 exhibicione
897 1912 1131 1951 earundem
1154 1912 1370 1953 bullarum
1393 1915 1595 1967 apostoli-

59 1987 219 2024 carum,
242 1988 289 2014 ac
322 1989 448 2028 super
477 1977 694 2015 contentis
716 1977 761 2015 in
784 1975 945 2015 eisdem
968 1989 1105 2015 unum
1128 1976 1195 2015 vel
1217 1977 1340 2029 plura
1370 1978 1593 2030 publicum

61 2051 134 2077 seu
166 2038 336 2091 publica
366 2040 707 2079 instrumentum
740 2041 827 2080 sive
860 2040 1164 2090 instrumenta,
1190 2054 1238 2079 ac
1269 2044 1593 2096 transumptum

60 2102 263 2142 conficere
295 2104 614 2156 requisiverunt
646 2108 689 2144 et
721 2104 906 2157 quilibet
937 2118 1083 2144 eorum
1115 2105 1356 2158 requisivit,
1388 2107 1449 2146 ita
1480 2107 1594 2160 quod

60 2165 165 2206 fides
201 2166 454 2207 adhibeatur
484 2168 644 2208 eisdem
682 2169 866 2209 ubilibet
899 2169 944 2208 in
979 2168 1171 2223 agendiS,
1205 2183 1385 2222 quarum
1418 2171 1592 2224 quidem

60 2229 275 2271 bullarum
297 2232 626 2285 apostolicarum
648 2234 737 2273 veri
759 2237 930 2273 tenores
954 2238 1193 2285 sequuntur
1217 2234 1261 2272 in
1276 2232 1366 2273 hacc
1383 2235 1592 2276 verba:—

727 2394 926 2437 (xxvn.)

150 2489 388 2531 Alexander
420 2492 659 2545 episcopus,
682 2506 828 2532 servus
860 2506 1076 2533 servorum
1099 2493 1194 2543 Dei,
1218 2495 1452 2536 venerabili
1474 2496 1592 2537 fratri

62 2552 376 2607 archiepiscopo
418 2555 544 2595 Ebor.
588 2556 772 2596 salutem
815 2560 856 2596 et
899 2557 1176 2610 apostolicam
1229 2558 1591 2601 benediccionem.

61 2617 200 2657 Justis
235 2619 483 2670 petencium
519 2619 744 2659 desideriis
781 2620 961 2673 dignum
999 2624 1065 2660 est
1095 2635 1171 2661 nos
1202 2621 1372 2662 facilem
1406 2625 1592 2677 praebere

61 2694 329 2732 consensum,
347 2686 391 2722 et
413 2687 510 2722 vota
531 2697 624 2736 quae
641 2697 664 2723 a
681 2684 860 2723 racionis
881 2685 1057 2724 tramite
1074 2699 1159 2724 non
1177 2685 1417 2727 discordant
1435 2688 1593 2729 effectu

61 2749 346 2798 prosequente
380 2746 606 2800 complere.
670 2747 780 2788 Sane
814 2749 972 2801 peticio
1004 2754 1079 2789 tua
1115 2750 1237 2789 nobis
1269 2749 1459 2791 exhibita
1496 2766 1594 2792 con-

62 2839 147 2878 tury
175 2833 283 2875 hand,
313 2834 481 2869 ‘Diverse
508 2835 609 2869 Bulls
639 2835 692 2870 for
721 2835 781 2871 the
811 2836 925 2882 rights
956 2838 1023 2871 and
1054 2837 1209 2872 liberties
1237 2837 1278 2872 of
1300 2839 1360 2873 the
1389 2840 1522 2876 church
1556 2843 1597 2877 of

63 2884 293 2930 RipwnJ-E,
313 2886 345 2920 3.

1742 123 1824 168 111

1636 259 1748 293 notary

1636 304 1653 332 p
1648 294 1751 324 ublic.

1630 2508 1670 2537 fo.
1687 2508 1701 2537 1
1723 2519 1748 2537 v.

1630 2564 1812 2594 Alexander

1631 2603 1687 2632 IV.
1703 2613 1776 2633 con—

1630 2643 1715 2672 firms
1726 2642 1827 2672 Arch-

1630 2682 1741 2719 bishop

1629 2721 1742 2757 Gray's
1757 2730 1826 2758 pro-

1629 2759 1731 2789 vision
1747 2761 1795 2789 for

1629 2799 1803 2829 Stanwick.
