1935 3151
540 151 766 186 ORIGINAL
803 152 1093 187 DOCUMENTS.

48 265 267 320 subjectis,
289 266 392 305 anni
414 266 442 306 J
445 265 580 306 ubilei
603 266 902 320 indulgencias
916 265 1115 306 omnibus
1133 270 1174 307 et
1201 268 1384 322 singulis
1408 267 1588 309 Christi-

47 330 245 370 fidelibus
275 331 322 369 in
354 330 481 370 dictis
514 330 616 369 locis
639 330 940 380 existentibus,
964 344 1038 370 seu
1059 330 1112 370 ad
1135 331 1333 372 ecclesias
1356 333 1400 371 in
1423 333 1587 372 eisdem

49 394 335 447 deputandas,
351 408 441 434 sese
456 408 479 434 a
495 395 631 447 prima
644 394 870 434 Dominica
888 394 1264 448 Quinquagesimae
1281 396 1394 435 Anni
1413 396 1587 435 Domini

49 458 238 512 proxime
248 458 384 497 futuri
394 471 530 511 usque
547 458 598 497 ad
609 462 778 498 octavas
789 458 1134 498 Resurreccionis
1150 459 1383 499 Dominicae
1394 459 1586 513 ejusdem

49 522 152 562 anni
185 522 501 575 reperientibus
530 525 606 561 aut
640 522 975 573 declinantibus,
1008 523 1123 575 ipsas
1158 523 1354 563 ecclesias
1382 525 1510 563 certis
1542 524 1586 563 in

50 586 152 639 ipsis
183 585 321 625 literis
352 586 583 640 assignatis
615 586 770 625 diebus
805 586 1099 636 visitantibus,
1131 587 1389 640 quibusdam
1417 601 1468 627 ex
1491 602 1587 641 per-

50 650 162 690 sonis
183 648 431 703 hujusmodi
454 654 560 689 tunc
583 651 807 703 expressiS,
823 650 867 689 id
881 651 994 704 quod
1013 651 1074 690 eis
1090 654 1135 690 et
1149 665 1296 691 eorum
1310 652 1587 692 conseienciis

49 714 231 768 dignum
264 727 312 753 ac
346 714 514 754 salubre
552 714 784 765 videbitur,
813 714 908 753 aliis
946 728 1044 754 vero
1070 718 1267 768 quartam
1296 719 1463 769 partem
1492 715 1586 770 ejus

49 778 305 832 quantitatis
347 791 475 831 quam
511 778 773 818 inveniendo
806 778 859 818 ad
896 777 1005 818 hanc
1039 778 1197 818 almam
1240 779 1392 819 urbem
1435 780 1587 820 stando

49 841 265 882 offerendo
286 849 330 882 et
351 841 570 882 redeundo
592 842 883 882 verisimiliter
905 841 1109 882 fecissent
1140 844 1185 882 in
1208 856 1328 896 capsa
1351 844 1587 884 ordinanda

50 906 102 946 ad
125 919 230 959 opus
263 908 307 945 et
329 905 554 946 comodum
586 906 711 946 dictae
733 905 954 960 religionis
976 906 1258 946 offerentibus
1292 910 1335 947 et
1367 908 1586 961 deponen-

50 970 182 1021 tibus,
203 983 351 1009 omnes
374 969 468 1009 illas
490 969 789 1024 indulgencias
820 983 896 1023 per
919 983 1108 1010 summos
1130 970 1361 1011 Pontifices
1384 971 1584 1012 omnibus

51 1033 428 1084 christifidelibus,
450 1033 646 1074 basilicas
680 1033 934 1074 Sanctorum
966 1034 1086 1074 Petri
1108 1038 1151 1074 et
1181 1035 1320 1085 Pauli,
1341 1049 1387 1076 ac
1410 1036 1585 1076 Latera-

51 1099 212 1148 nensis,
235 1100 280 1138 et
301 1098 448 1138 Beatae
469 1098 618 1137 Mariae
639 1097 816 1152 Majoris
848 1099 893 1138 in
916 1098 1031 1139 Urbe
1055 1098 1256 1138 ecclesias
1279 1112 1391 1139 anno
1422 1099 1586 1140 Jubilei

52 1162 347 1212 visitantibus,
370 1175 590 1202 concessas
613 1166 658 1202 et
679 1176 756 1216 per
786 1176 862 1202 nos
894 1163 1131 1213 innovatas,
1154 1167 1519 1216 consequerentur
1541 1167 1587 1203 et

49 1224 256 1266 haberent
287 1226 465 1280 perinde
502 1240 549 1265 ac
587 1226 621 1266 si
658 1224 737 1266 hoc
776 1227 968 1280 proximo
1006 1226 1148 1280 elapso
1182 1240 1293 1266 anno
1325 1227 1499 1268 Jubileo
1533 1227 1586 1267 ad

49 1290 209 1330 dictam
261 1290 412 1330 urbem
463 1291 755 1341 accessissent,
797 1294 842 1331 et
882 1290 1077 1331 basilicas
1129 1304 1177 1331 ac
1219 1291 1416 1332 ecclesias
1458 1291 1587 1333 Urbis

49 1353 297 1409 hujusmodi
330 1355 613 1408 personaliter
635 1355 896 1406 visitassent,
919 1355 1152 1409 apostolica
1173 1357 1430 1396 auctoritate
1453 1370 1501 1396 ac
1533 1357 1585 1397 de

52 1418 372 1472 Omnipotentis
394 1419 473 1458 Dei
496 1419 786 1459 misericordia
807 1419 1083 1459 devotissime
1107 1419 1370 1460 confidentes
1392 1421 1462 1473 pie
1485 1434 1586 1460 con-

49 1484 268 1534 cessimus,
300 1482 495 1523 volentes
528 1483 642 1523 inter
673 1487 826 1523 caetera
857 1487 899 1524 et
934 1484 1068 1523 eciam
1101 1483 1363 1535 ordinantes,
1394 1485 1508 1538 quod
1538 1486 1585 1525 in

50 1547 245 1601 qualibet
275 1547 551 1587 ecclesiarum
582 1561 607 1587 a
636 1548 864 1601 praemissis
896 1548 1226 1598 visitandarum,
1249 1562 1335 1588 una
1365 1562 1490 1602 capsa
1510 1562 1585 1602 pro

49 1611 329 1652 recondendis
357 1612 552 1665 pecuniis
584 1610 834 1665 hujusmodi
863 1612 1146 1665 deputaretur
1167 1613 1212 1651 in
1234 1626 1318 1666 qua
1339 1616 1428 1652 tres
1449 1613 1585 1654 claves

49 1675 302 1724 existerent,
335 1688 517 1727 quarum
552 1688 683 1714 unam
719 1688 794 1715 vos
822 1675 971 1714 dilecti
1003 1675 1081 1714 filii
1116 1675 1238 1715 Prior
1270 1679 1314 1716 et
1346 1675 1585 1717 Castellane

49 1738 242 1792 praedicti
275 1751 350 1778 seu
375 1752 451 1792 per
479 1752 552 1778 vos
577 1742 654 1778 aut
686 1741 877 1778 vestrum
899 1738 1084 1778 alterum
1116 1739 1343 1792 deputati3
1375 1740 1586 1793 reliquam

50 1816 146 1844 vero
155 1802 418 1842 venerabiles
428 1802 579 1842 fratres
594 1803 730 1842 nostri
746 1803 1072 1856 Metropolitani
1089 1807 1165 1842 aut
1179 1803 1369 1843 locorum
1383 1804 1585 1858 Episcopi

49 1866 117 1907 vel
134 1880 281 1906 eorum
296 1868 442 1906 vicarii
459 1868 504 1907 in
523 1867 820 1921 spiritualibus
834 1867 1056 1922 generales
1073 1871 1148 1907 aut
1164 1881 1240 1921 per
1257 1881 1327 1907 eos
1346 1868 1585 1920 substituti,

49 1932 226 1972 terciam
258 1932 442 1972 sacristae
470 1935 548 1971 aut
578 1936 764 1971 rectores
785 1931 954 1971 fabricae
987 1931 1261 1971 ecclesiarum
1284 1932 1585 1985 praedictarum

50 1998 229 2035 teneant
250 1998 294 2035 et
316 1998 586 2046 conservent,
607 1999 735 2048 prout
765 1996 811 2035 in
833 1996 992 2036 nostris
1015 1995 1198 2048 desuper
1220 1995 1425 2036 confectis
1446 1997 1584 2037 literis

50 2057 219 2111 plenius
257 2059 521 2099 continetur.
582 2059 788 2099 Volentes
825 2060 962 2114 igitur
998 2063 1047 2098 ut
1084 2059 1175 2112 ipsa
1201 2060 1271 2111 pia
1304 2059 1509 2114 suffragia
1537 2061 1583 2100 in

49 2121 209 2162 dictam
240 2123 573 2163 subvencionem
605 2125 766 2164 cercius
800 2129 841 2164 et
875 2123 1046 2163 fidelius
1075 2127 1392 2173 convertantur,
1414 2127 1584 2165 attento

49 2187 233 2226 maxime
267 2187 379 2240 quod
413 2188 619 2240 superiori
651 2192 843 2241 tempore
877 2187 1064 2227 diversas
1101 2187 1154 2227 de
1182 2187 1424 2227 redditibus
1456 2188 1583 2228 dictae

49 2249 266 2304 religionis
288 2251 432 2290 minus
454 2250 562 2291 forte
585 2251 780 2291 consulte
805 2252 1007 2305 expositis
1038 2255 1082 2291 et
1104 2252 1370 2304 consumptis
1392 2252 1584 2304 querelas

50 2315 304 2368 accepimus,
318 2315 449 2365 vobis,
468 2316 519 2355 de
542 2330 724 2369 quorum
747 2316 829 2355 fide
853 2320 894 2355 et
919 2316 1304 2369 circumspeccione
1322 2315 1524 2356 fiduciam
1537 2318 1582 2357 in

51 2377 234 2418 Domino
255 2379 484 2419 maximam
499 2379 758 2430 obtinemus,
775 2380 1030 2419 auctoritate
1045 2379 1287 2433 Apostolica
1304 2381 1583 2433 praesencium

51 2445 198 2482 tenore
211 2442 496 2496 injungimus,
513 2444 840 2494 committimus,
855 2447 900 2483 et
916 2444 1181 2494 mandamus,
1196 2445 1400 2497 quatinus
1414 2458 1583 2498 capsam

51 2505 185 2558 ipsam
224 2507 268 2546 in
309 2506 583 2560 praefatorum
624 2508 761 2547 claves
801 2509 1052 2562 gerencium
1094 2508 1338 2561 praesencia,
1380 2510 1582 2562 quociens

52 2569 168 2609 vobis
197 2574 273 2610 aut
299 2574 492 2610 vestrum
525 2571 648 2611 alteri
685 2585 760 2611 seu
786 2586 862 2625 per
891 2586 961 2612 vos
998 2572 1217 2625 deputatis
1253 2572 1483 2622 videbitur,
1508 2586 1582 2625 ap-

51 2633 224 2685 periatis
267 2648 342 2674 seu
374 2636 528 2688 aperiri
560 2634 741 2685 faciatis,
782 2649 843 2686 ac,
880 2637 984 2689 ipsis
1026 2635 1324 2689 praesentibus,
1356 2649 1501 2676 omnes
1537 2640 1581 2676 et

53 2696 233 2750 singulis
273 2699 382 2738 inibi
423 2699 662 2739 reconditas
703 2700 907 2752 pecunias
938 2698 1186 2753 hujusmodi
1227 2700 1479 2750 numeretis,
1523 2706 1580 2750 et,

52 2761 231 2800 retentis
251 2775 327 2815 per
349 2776 421 2802 vos
445 2776 520 2802 seu
541 2762 769 2815 deputatos
794 2767 956 2803 vestros
978 2764 1069 2803 vice
1102 2762 1293 2815 qualibet
1314 2764 1506 2816 pecuniis
1529 2765 1580 2804 ad

54 2836 158 2875 opus
199 2826 465 2866 execucionis
506 2826 694 2879 ipsarum
736 2827 1123 2881 indulgenciarum,
1165 2830 1254 2865 tam
1295 2840 1371 2879 pro
1412 2826 1581 2867 decenti

57 2886 205 2926 salario
236 2902 364 2940 quam
397 2889 491 2928 aliis
523 2890 850 2930 racionabilibus
882 2891 1078 2943 expensis
1111 2890 1346 2942 oportunis,
1375 2890 1581 2943 reliquam

1727 143 1819 190 301

1620 983 1731 1014 Indul-

1619 1033 1731 1062 gences

1621 1064 1757 1100 granted

1619 1106 1652 1131 to
1667 1103 1756 1132 those

1619 1142 1755 1179 visiting
1766 1142 1820 1172 the

1621 1181 1766 1210 basilicas

1620 1221 1655 1248 of
1666 1220 1718 1249 SS.
1729 1220 1820 1250 Peter

1621 1259 1682 1288 and
1698 1259 1789 1295 Paul,

1621 1299 1674 1327 the
1691 1299 1783 1328 Late-

1619 1347 1688 1375 ran,
1700 1339 1762 1367 and
1773 1338 1818 1368 St.

1620 1377 1716 1415 Mary

1621 1415 1726 1454 Major
1741 1417 1774 1445 in

1620 1455 1727 1490 Rome,
1742 1465 1819 1495 may

1620 1495 1656 1523 bc
1671 1496 1820 1524 obtained

1619 1535 1661 1572 by
1677 1535 1811 1573 sending

1619 1583 1742 1612 money.

1620 1628 1731 1658 Chests

1619 1669 1699 1697 with
1714 1669 1800 1698 three

1618 1707 1717 1737 locks.

1616 2714 1765 2752 Disposal

1616 2753 1652 2783 of
1670 2755 1721 2783 the

1617 2801 1742 2831 money.
