1935 3151
581 162 690 194 Oluu
699 162 806 194 [SAL
843 161 1131 195 DOCUMENTS.

651 566 704 606 V.
737 566 1079 608 CHANTRIES.

272 689 447 726 LXXIV.
481 690 658 725 GRANT
691 690 754 725 OF
787 690 958 726 LANDS
992 690 1089 726 FOR
1125 692 1159 725 A
1194 690 1458 727 CIIANTRY.

629 777 772 822 (R1rox
799 777 982 812 CHAPTER
999 778 1095 822 MS.)

183 865 395 905 Omnibus
430 865 482 905 ad
520 879 625 919 quos
658 879 843 919 przesens
882 867 1090 919 scriptum
1122 868 1379 920 pervenerit,
1411 867 1631 909 ,Iohannes

92 929 146 969 de
164 929 466 983 Markyngfeld
490 931 718 970 canonicus
740 931 882 981 Ebon,
900 935 943 970 et
966 931 1159 985 Rogerus
1185 933 1238 972 de
1262 932 1435 973 Saxton’
1452 933 1629 974 clericus

92 992 200 1046 ejus,
236 994 418 1033 salutem
452 994 497 1033 in
532 994 728 1034 Domino.
790 995 1008 1035 Noveritis
1040 1010 1117 1035 nos
1160 998 1415 1036 concessisse
1457 997 1631 1037 domino

92 1057 272 1097 Ricardo
288 1057 340 1097 de
360 1058 534 1108 Linton,
551 1058 783 1111 capellano,
800 1059 905 1098 duas
924 1060 1162 1112 purpartias
1185 1066 1350 1100 nostras
1374 1062 1425 1101 de
1449 1066 1632 1114 quatuor

93 1121 325 1175 burgagiis,
357 1122 587 1161 tresdecim
616 1123 721 1162 acris
750 1126 890 1173 terrae,
912 1123 1091 1163 dimidia
1125 1138 1220 1163 acra
1249 1125 1377 1177 prati,
1403 1129 1447 1164 et
1474 1126 1631 1179 viginti

92 1185 285 1225 solidatis
314 1185 523 1236 redditus,
554 1200 653 1225 cum
686 1187 978 1239 pertinenciis,
1000 1188 1046 1226 in
1074 1187 1176 1227 villa
1197 1188 1376 1241 Rypon',
1398 1189 1451 1228 de
1474 1189 1630 1242 quibus

91 1248 284 1303 Rogerus
317 1250 370 1289 de
404 1248 599 1289 Askwith
631 1263 707 1290 nos
741 1264 839 1290 cum
870 1251 1075 1304 praedicto
1111 1251 1285 1292 domino
1319 1252 1501 1293 Ricardo
1532 1268 1631 1293 con-

84 1312 277 1368 junctim
306 1313 513 1354 feoffavit.
574 1314 766 1355 Tenend.
799 1319 843 1354 et
875 1313 1060 1355 habend.
1093 1316 1228 1355 dictas
1259 1318 1517 1369 purpartias,
1544 1331 1631 1357 una

89 1391 188 1416 cum
220 1378 441 1430 purpartia
471 1378 575 1417 dicti
607 1378 793 1429 Ricardi,
815 1393 913 1418 cum
939 1379 1138 1420 omnibus
1170 1380 1369 1433 proficuis
1401 1381 1501 1421 inde
1534 1395 1631 1434 pro-

88 1441 376 1491 venientibus,
399 1441 539 1481 eidem
557 1442 752 1493 Ricardo,
768 1456 845 1495 pro
861 1457 947 1483 una
963 1444 1151 1483 cantaria
1167 1444 1212 1483 in
1231 1444 1405 1484 ecclesia
1424 1445 1630 1499 Ryponiae

88 1506 189 1546 inde
213 1505 465 1546 sustinenda
485 1506 689 1546 continuo
702 1510 829 1559 prout
852 1508 990 1557 decet,
1012 1514 1232 1561 quousque
1250 1508 1366 1548 dicta
1379 1513 1631 1550 tenementa

87 1570 245 1610 donata
280 1569 445 1610 fuerint
475 1570 663 1624 capitulo
704 1571 869 1624 Rypon’
900 1585 976 1624 per
1017 1572 1124 1612 dicti
1165 1573 1330 1612 domini
1372 1573 1543 1613 Ricardi
1585 1579 1630 1614 eb

88 1638 280 1674 nostram
300 1634 654 1687 assignacionem.
716 1636 771 1674 Et
795 1649 893 1675 cum
916 1636 1029 1675 dicta
1044 1637 1281 1690 assignacio
1304 1637 1419 1677 dicto
1441 1639 1630 1691 capitulo

88 1698 203 1738 facta
223 1697 370 1747 fuerit,
392 1702 497 1737 tunc
519 1712 595 1738 nos
622 1699 943 1751 procurabimus
976 1700 1141 1739 dictum
1174 1700 1415 1754 capitulum
1438 1700 1628 1740 conferre

88 1762 232 1801 omnia
272 1762 387 1801 dicta
427 1765 678 1801 tenementa
719 1762 921 1815 praedicto
953 1763 1134 1803 Rieardo
1175 1765 1228 1803 ad
1260 1765 1496 1804 terminum
1529 1765 1628 1804 vitae

86 1826 221 1878 ipsius
243 1825 428 1876 Ricardi‚
442 1839 518 1878 pro
539 1839 625 1865 una.
646 1827 833 1866 cantaria
856 1828 1059 1867 continue
1083 1828 1335 1868 sustinenda
1355 1832 1481 1881 prout
1504 1829 1624 1868 decet

87 1903 162 1942 pro
195 1890 339 1929 anima
376 1890 541 1929 domini
569 1890 763 1944 Aungeri
799 1891 852 1930 de
887 1891 1052 1944 Rypon’
1086 1896 1130 1931 et
1167 1892 1392 1931 animabus
1429 1893 1624 1932 omnium

85 1953 280 1993 fidelium
312 1953 614 1993 defunctorum
645 1954 691 1993 in
724 1954 900 1994 ecclesia
932 1955 1097 2008 Rypon’
1118 1955 1185 1995 vel
1217 1955 1317 1995 alibi
1350 1956 1395 1994 in
1427 1954 1624 2009 parochia

85 2017 211 2057 dictae
245 2017 433 2057 ecclesiae
466 2017 542 2056 ubi
575 2017 689 2056 dicta
725 2019 914 2058 cantaria
952 2019 1029 2058 erit
1066 2019 1260 2059 ordinata
1295 2019 1514 2059 celebrari.
1578 2020 1623 2061 Si

84 2085 231 2121 autem
266 2081 563 2129 defecerimus,
606 2081 720 2134 quod
762 2082 888 2132 absit,
930 2082 1046 2122 dicto
1089 2083 1270 2122 Ricardo
1312 2083 1363 2123 de
1386 2083 1482 2132 ,ista
1523 2098 1625 2124 con-

84 2145 304 2194 vencione,
326 2148 431 2184 tunc
463 2144 659 2184 volumus
682 2148 727 2184 et
757 2146 1033 2186 concedimus
1055 2160 1130 2199 pro
1160 2146 1282 2186 nobis
1305 2151 1350 2186 et
1380 2145 1622 2188 haeredibus

82 2209 241 2248 nostris
271 2209 411 2248 teneri
443 2212 488 2248 et
518 2208 697 2262 obligari
731 2210 873 2249 eidem
906 2211 1087 2250 Ricardo
1118 2211 1163 2250 in
1186 2211 1341 2264 viginti
1373 2210 1492 2250 libris
1516 2216 1623 2251 ster-

82 2272 313 2327 lingorum,
336 2272 547 2312 solvendis
571 2273 711 2313 eidem
734 2274 915 2314 Ricardo
936 2275 1049 2327 apud
1074 2274 1238 2327 Rypon'
1260 2274 1369 2313 infra
1390 2275 1619 2315 dimidium

82 2349 245 2376 annum
280 2337 524 2390 proximum
567 2341 821 2390 sequentem
853 2338 1102 2390 praedictam
1139 2339 1491 2392 assignacionem.
1566 2341 1619 2380 In

82 2400 205 2454 cujus
230 2401 292 2440 rei
324 2401 624 2441 testimonium
656 2400 756 2441 huic
789 2402 945 2455 scripto
979 2402 1119 2456 sigilla
1149 2407 1294 2442 nostra
1325 2404 1618 2456 apposuimus.

83 2464 182 2504 Dat.
204 2465 318 2518 apud
340 2465 506 2518 Rypon’
527 2469 679 2518 quarto
701 2466 770 2505 die
793 2466 1058 2515 Decembris,
1081 2467 1418 2516 Anno-Domini,
1440 2467 1508 2506 ΜΟ
1531 2467 1618 2508 ccc⁰

81 2528 246 2568 decimo
282 2542 408 2568 nono.
485 2529 542 2568 Et
583 2529 705 2582 regni
747 2529 911 2569 domini
953 2531 1068 2584 regis
1111 2528 1351 2585 E(dwardi)
1386 2531 1464 2570 filii
1501 2533 1615 2585 regis

79 2591 319 2646 E(dwardi)
337 2591 471 2632 tercio
492 2592 670 2632 decimo.

167 2654 297 2696 Label
317 2653 593 2707 remainingy,
615 2653 691 2695 but
711 2654 801 2696 soal
820 2669 944 2707 plone.

167 2719 400 2760 Eadm-sed
432 2718 485 2760 ‘in
517 2718 628 2759 later
659 2718 797 2769 hand,
827 2723 953 2762 1319.
1016 2722 1155 2762 Grant
1177 2722 1222 2761 of
1251 2722 1486 2775 Burgages,
1510 2731 1610 2774 etc„

80 2782 142 2823 for
164 2798 186 2823 a
210 2783 399 2837 Chantry
421 2784 477 2836 by
500 2782 613 2824 John
637 2783 682 2823 of
710 2784 1006 2835 Markcnfield,
1030 2787 1232 2826 eun—H.
1260 2789 1326 2835 13,
1350 2786 1503 2839 Ripon.

1776 144 1868 192 153

1667 875 1833 904 A.1›.1:;19

1667 930 1696 959 J.
1713 932 1748 959 de
1769 931 1854 959 Mar-

1667 970 1821 1008 kyngfeld

1667 1013 1699 1037 to
1717 1009 1751 1038 R.
1769 1010 1807 1038 de

1669 1047 1798 1077 Limon.

1662 1827 1691 1855 A
1709 1827 1843 1866 chami-y

1661 1867 1710 1895 for
1726 1867 1780 1895 the
1792 1867 1861 1897 soul

1661 1907 1695 1933 of
1715 1906 1850 1943 Aunger

1661 1945 1698 1973 de
1714 1945 1828 1983 Rypon

1660 1984 1693 2012 in
1709 1984 1762 2013 the

1660 2023 1786 2052 Church
1802 2023 1839 2053 of

1661 2061 1762 2099 Ripon
1779 2072 1815 2091 οι·

1658 2101 1824 2132 elsewhere

1658 2140 1690 2168 in
1709 2141 1762 2169 the

1657 2179 1774 2217 parish.

1655 2469 1728 2500 Dec.
1743 2471 1773 2500 4.
